2650 4270
492 470 521 535 F,
539 471 557 527 f·
594 472 626 536 (i,
649 489 674 542 K·
952 475 992 538 25

181 642 207 706 φ
232 622 427 690 Graecorum
448 623 533 689 idest
558 646 617 711 pro
633 623 681 709 pt
703 624 865 711 ursurpari
879 626 995 712 coepit,

179 733 215 790 ut
237 733 269 792 et
296 748 316 789 a
341 725 477 790 Francis
507 725 602 789 hodie
628 727 861 811 pronuntiatur.
906 726 997 793 Siout
1047 765 1049 770 ·

181 835 286 892 autem
323 826 393 891 dixi
427 827 467 891 de
506 851 524 889 o
559 834 771 909 consonante,
802 850 995 913 magnopere

180 928 357 992 cavendum
390 949 463 992 esse
491 925 662 993 Germanis
689 950 731 991 ne
759 928 848 992 illam
877 949 950 992 cum
969 927 999 1011 f

180 1027 386 1110 confundant,
410 1029 456 1092 ita
470 1028 614 1093 vicissim
630 1050 831 1114 summopere
847 1030 997 1094 studeant

179 1137 319 1213 oportet,
347 1152 388 1193 ne
412 1129 440 1208 f
463 1152 522 1215 pro
555 1151 574 1190 υ
602 1137 798 1198 consonante
831 1140 993 1216 usurpent,

179 1229 325 1313 quamvis
368 1231 452 1295 haec
488 1229 579 1294 litera
615 1229 788 1294 dictionem
822 1231 938 1297 finiens
976 1255 995 1297 a

177 1326 204 1392 F
207 1329 315 1394 rancis
345 1331 417 1395 loco
453 1329 652 1416 digammatis
679 1330 835 1396 scribatur
870 1340 901 1397 et
924 1341 960 1396 ut
973 1332 1002 1417 f

180 1431 424 1515 pronuntietur,
448 1440 484 1495 ut
504 1431 588 1514 heus,
611 1429 687 1515 bref,
709 1431 784 1514 cerf,
805 1432 890 1519 gref,
913 1434 994 1515 nais,

177 1531 241 1615 nes,
269 1533 350 1615 nerf,
382 1533 459 1616 serfi
483 1533 559 1617 coifi
583 1533 636 1613 vif,
669 1531 834 1600 aLatinis
861 1535 994 1601 vocibus

175 1631 312 1713 bovis,
341 1635 495 1716 brevic,
526 1656 683 1715 cerm,
710 1634 856 1718 gravis,
888 1637 994 1700 nati-

174 1756 261 1815 vus,
289 1736 421 1816 navis,
449 1757 609 1812 nervus,
645 1757 804 1817 servus,
840 1758 991 1819 sevum,

176 1834 313 1916 vivus,
354 1835 501 1901 restituto
533 1837 568 1900 in
599 1836 726 1900 illorum
758 1837 909 1904 derivatis
943 1839 992 1903 di·

180 1945 347 2020 gammate,
372 1946 406 2000 ut
427 1937 545 2011 bovino,
568 1936 711 2015 breviore,
739 1961 837 2012 corve,
865 1963 990 2027 ἔνευεν,

176 2041 313 2115 noireto,
343 2041 458 2117 uaoire,
489 2060 635 2113 nerueux,
659 2037 827 2116 servitude,
851 2043 990 2106 vivacita.

533 2191 630 2288 Gq.

241 2342 335 2408 Haec
369 2365 551 2408 consonans
585 2350 658 2406 ante
684 2363 713 2415 a,
738 2363 755 2404 o
780 2352 811 2406 et
834 2365 853 2404 u
880 2366 990 2414 verum

177 2465 270 2508 suum
295 2467 409 2510 sonum
431 2453 537 2509 servat
558 2443 737 2530 proximum
765 2465 781 2505 c
802 2443 927 2526 literae,
954 2454 991 2509 ut

171 2544 249 2632 gale
265 2545 427 2628 (scabies),
447 2545 546 2608 Gaulo
561 2543 704 2626 (Gallia),
717 2547 828 2631 gotter
843 2547 988 2631 (guttur),

174 2653 287 2731 goutte
304 2647 428 2730 (gutta),
445 2648 521 2733 oigu
538 2648 685 2726 (acutus).
721 2648 768 2711 At
782 2654 854 2713 ante
877 2671 893 2710 e
916 2656 947 2712 et
968 2650 990 2730 i,

176 2767 281 2810 errore
312 2768 331 2809 a
361 2746 477 2811 Latina
508 2749 766 2832 pronuntiatione
798 2758 986 2834 propagato,
1053 2797 1056 2802 ,

173 2845 260 2910 idem
281 2868 413 2931 prorsus
435 2847 621 2933 plerumque
646 2856 738 2914 sonat
761 2858 855 2934 atque
878 2852 890 2911 i
910 2873 987 2915 con-

174 2969 292 3013 sonans
318 2947 353 3010 in
381 2947 506 3012 Latinis
537 2950 685 3031 vocibu5‚
717 2965 750 3013 ut
778 2972 797 3013 a
823 2950 986 3035 plerisque

175 3049 347 3114 etiamnum
375 3048 555 3113 enuntiatur
579 3073 719 3136 regere
743 3059 776 3114 et
799 3050 921 3134 regis,
951 3059 987 3113 ut

172 3172 288 3236 gager,
311 3153 403 3237 regit,
427 3171 465 3214 ac
495 3149 523 3214 si
553 3151 704 3237 scriptum
721 3151 815 3238 gujer
842 3157 874 3213 et
902 3149 985 3230 rcjir.

173 3249 239 3316 Sed
249 3273 355 3336 neque
370 3251 449 3315 illud
464 3273 568 3336 neque
582 3253 669 3317 istud
685 3248 873 3334 exceptione
887 3257 984 3313 caret.

171 3351 255 3416 Nam
278 3360 309 3416 et
331 3362 404 3417 ante
426 3375 446 3414 a
469 3359 501 3415 et
522 3362 595 3416 ante
618 3351 810 3416 ointerdum
832 3350 984 3435 utjcon-

173 3473 305 3535 sonans,
333 3463 366 3517 et
393 3463 503 3517 contra
530 3461 601 3517 ante
629 3475 645 3516 e
672 3461 704 3517 et
731 3459 804 3515 ante
834 3453 846 3512 i
870 3450 983 3516 nativo
