2650 4270
549 477 582 533 n.
617 476 648 532 a.
965 479 1008 544 77.

194 631 287 718 quasi
310 653 330 693 u
353 637 440 697 asset
462 629 622 716 digamma
641 652 708 695 non
728 628 868 711 vocalis,
891 641 1007 717 nempe

195 755 254 822 pro
270 732 339 796 buis
351 768 393 780 -
402 733 459 812 oia,
476 729 524 796 sic
539 729 636 797 etiam
649 753 707 817 pro
718 729 802 795 boile
815 766 859 779 -
872 731 933 795 vile
947 741 1010 798 ato.

198 831 321 900 Contra
344 831 477 898 veroin
497 832 678 898 vernaculis
701 831 837 900 Gallicis
860 833 1011 900 scribitur

198 933 294 1000 simul
324 942 356 1000 ct
381 934 604 1020 pronuntiatur
634 934 802 1022 aspiratio,
831 935 923 1000 utin
943 935 1010 1001 illis

199 1055 282 1120 quaa
315 1059 334 1101 a
361 1034 487 1102 Latinis
519 1057 585 1101 non
618 1035 770 1122 aspirat-is
802 1035 1010 1102 deducuntur.

202 1134 260 1204 Sic
281 1137 321 1203 ab
344 1137 443 1203 altus
467 1136 666 1203 deducuntur
688 1135 833 1203 Gallicae
853 1158 953 1204 vocas
976 1160 1011 1203 a·

200 1239 341 1325 spinatae
366 1237 463 1320 bault,
489 1237 642 1320 houltoin,
666 1236 839 1324 insulturus²
858 1237 1012 1321 inultam,

198 1338 395 1422 loultemerrt,
423 1336 565 1405 sauna.
609 1337 702 1405 Haeo
727 1347 834 1405 autam
854 1339 1013 1406 vocabula

198 1440 373 1516 vernacula
391 1438 519 1507 Gallica
542 1440 713 1507 observavi
731 1440 766 1506 in
788 1440 903 1527 quibus
925 1440 1013 1527 aspi-

199 1542 282 1608 ratio
310 1551 342 1608 et
371 1541 520 1608 scribitur
542 1549 575 1606 at
595 1541 735 1607 auditur:
763 1540 862 1606 bolier
884 1543 1013 1628 (vopre-

200 1643 292 1725 tum)‚
311 1641 382 1706 hair
397 1640 536 1728 (odisse)
552 1664 625 1708 oum
639 1641 807 1724 derivatis,
823 1642 1014 1726 turturini

201 1743 367 1810 inclinatio
414 1751 538 1830 gratum
575 1743 697 1832 aliquid
738 1744 885 1826 habens),
927 1743 1015 1810 unda
1053 1748 1055 1752 ’

203 1844 415 1933 compositum
440 1843 567 1909 sorbuit
588 1854 620 1911 et
641 1844 810 1929 contritot,
841 1844 918 1910 itam
946 1843 1014 1908 oal-

203 1943 830 2031 barde,borlo,bosler,holctor(crcbrum
842 1945 1016 2013 anhelitum

204 2048 344 2132 ducere),
376 2048 516 2130 homeru,
550 2045 710 2131 bomeoon,
743 2047 873 2127 bonate,
896 2046 1016 2129 bancor,

203 2148 334 2230 huniise,
362 2147 583 2235 hocqueboute,
615 2147 786 2234 boquenee,
811 2145 911 2230 bardi,
944 2147 1018 2212 bor-

205 2250 318 2332 dicsre,
343 2249 503 2332 homieux,
525 2247 627 2332 bonta,
649 2247 749 2334 botae,
770 2248 881 2327 lotar,
903 2248 1016 2332 harier,

203 2351 336 2433 hasard,
367 2349 469 2431 bibon,
500 2349 587 2432 haer,
611 2349 739 2434 bucher,
762 2350 870 2432 hurbe,
891 2348 1017 2434 bochet,

205 2452 369 2539 hochopot,
384 2450 528 2538 bouquet,
545 2449 689 2538 incoquet,
706 2453 882 2540 torquetur,
898 2448 1016 2533 bostar,

206 2550 311 2634 barte,
344 2551 451 2636 bootes,
485 2551 576 2616 lovel
607 2552 774 2640 (fuscina),
813 2553 910 2617 boore
942 2551 1015 2636 (na-

206 2651 307 2737 vale),
336 2650 418 2735 Ιιαῂέ
443 2652 580 2740 (sepes),
612 2653 743 2722 become
767 2647 900 2742 (galea),
937 2652 1020 2720 hooc

211 2752 314 2840 (ligo),
336 2751 433 2818 bouer
454 2753 598 2840 (fodore),
620 2754 727 2820 humer
743 2756 910 2841 (sorbere).
939 2753 1022 2838 Qui·

208 2855 408 2922 oscitantem
422 2865 497 2942 post
511 2880 528 2921 c
543 2865 698 2944 sequente
713 2880 729 2920 r
743 2867 780 2924 ut
793 2862 889 2924 Jecur
907 2855 1018 2939 Christ,

209 2957 375 3041 Chronica,
412 2956 609 3041 obversante,
642 2958 823 3046 Sepulchra.
871 2958 954 3025 Item
987 2958 1022 3024 in

206 3057 307 3126 letan
330 3066 362 3126 et
382 3057 495 3143 lobon,
518 3082 538 3125 a
558 3059 581 3124 J
589 3059 750 3127 ohanne.

553 3215 612 3290 Dc
638 3213 682 3288 L.

270 3363 1019 3455 aniascitpostdiphthongnmeusequantcx,

207 3472 244 3530 nt
255 3467 378 3552 micula,
396 3471 494 3556 caah,
512 3474 714 3554 obsequente
731 3474 752 3549 t,
768 3464 917 3553 utpeu113
939 3463 1020 3533 itam
