2650 4270
486 451 671 523 baba
944 456 985 522 m

176 605 231 674 Sic
252 629 292 670 on
312 608 391 669 m'en
405 628 425 668 o
436 607 538 691 porte,
560 628 599 672 ao
614 607 642 672 si
657 607 811 694 scriptum
826 616 921 688 esset,
945 629 986 672 on

176 712 254 773 m'en
274 731 316 770 na
334 706 437 793 pario,
457 708 512 773 illo
534 708 685 774 videlicet
701 707 819 795 prioris
835 708 986 774 dictionis

175 835 194 873 n
222 810 413 896 daghessato
443 819 476 875 et
500 832 574 874 oum
594 809 700 875 vocali
722 818 909 897 sequentem
930 832 986 875 vo·

174 935 244 978 cem
264 911 439 997 incipiente
461 911 645 992 coniuncto,
674 933 732 996 pro
755 934 793 976 eo
817 911 902 997 quod
922 910 985 977 Pa-

172 1013 358 1080 risiensium
370 1012 486 1097 vulgus
501 1012 703 1097 pronuntiat:
727 1011 750 1075 il
769 1034 804 1076 se
826 1021 896 1075 nest
916 1012 985 1093 alle,

175 1139 215 1178 on
235 1137 284 1178 me
305 1137 347 1177 nc
361 1113 468 1199 porle,
491 1136 549 1199 per
570 1111 801 1179 efoemineum
815 1123 851 1178 ut
864 1114 898 1177 in
911 1136 987 1201 pro·

173 1215 356 1281 nominibus
384 1235 420 1278 se
444 1223 477 1278 et
503 1236 559 1278 nte.
613 1213 680 1281 Sed
710 1214 773 1279 hoc
807 1214 842 1280 in
873 1216 987 1301 primis
1108 1255 1110 1258 ·

175 1317 349 1384 curandum
364 1323 414 1382 est
423 1314 602 1401 peregrinis
617 1313 776 1396 omnibus,
793 1317 879 1401 quod
893 1327 989 1384 antea

171 1419 206 1486 in
232 1419 325 1484 litera
366 1439 396 1478 m
428 1416 555 1497 monui,
591 1407 708 1502 nempe
745 1414 829 1482 hanc
861 1417 987 1486 literam

172 1521 298 1606 quoties
319 1519 477 1606 syllabam
497 1519 579 1600 finit,
601 1517 696 1604 quasi
718 1517 883 1584 dimidiato
906 1541 987 1585 sono

170 1621 440 1709 pronuntiandam
460 1642 548 1703 esse,
576 1641 729 1684 mucrone
753 1619 906 1686 videlicet
924 1620 987 1685 lin-

170 1745 253 1808 guae
279 1722 411 1788 minime
436 1721 522 1787 illiso
548 1719 749 1806 superiorum
771 1721 915 1786 dentium
935 1745 987 1788 ra·
1080 1751 1084 1758 ⁴

172 1824 249 1906 dici,
278 1824 398 1909 alioqui
417 1821 523 1886 futura
548 1820 779 1888 molestissima
800 1823 987 1909 pronuntia-

170 1924 271 2005 tione3
289 1947 351 2010 quo
366 1925 446 1990 vitio
459 1925 543 1989 inter
552 1923 697 1988 Francos
714 1923 861 1989 laborant
875 1925 987 1990 etiam·

169 2025 356 2090 numhodie
370 2025 557 2092 Normanni.
601 2024 747 2090 Graecos
773 2033 880 2091 autem
899 2024 987 2091 haud

170 2127 262 2194 aliter
288 2127 372 2194 hanc
392 2127 518 2193 literam
544 2135 620 2192 aute
642 2149 674 2208 κ,
692 2147 756 2206 m
779 2127 987 2213 pronuntiare

169 2228 380 2296 consuevisse
390 2235 522 2294 annotat
532 2250 573 2294 ex
583 2226 716 2311 Nigidio
728 2225 846 2311 Figulo
857 2228 899 2293 A.
907 2226 986 2294 Gel-

169 2330 241 2396 lius.

528 2481 626 2583 Pp.

233 2633 328 2702 Sioua
349 2644 400 2723 est
420 2634 591 2700 admodum
604 2633 699 2698 huius
716 2632 828 2697 literae
843 2653 985 2717 pronun-

167 2736 258 2802 tiatio
283 2736 321 2801 in
346 2736 478 2822 reliquis
505 2735 643 2826 linguis,
681 2733 740 2800 sed
766 2733 801 2799 in
825 2732 984 2800 Francico

169 2838 321 2904 idiomate
336 2845 489 2924 quantum
501 2837 572 2902 fieri
593 2844 703 2923 potest
724 2835 894 2917 emollitur,
918 2834 985 2920 syl·

169 2939 276 3006 labam
296 2939 331 3003 in
351 2939 464 3025 paucis
484 2939 612 3020 finiens,
638 2947 675 3002 ut
696 2936 731 3000 in
752 2934 985 3001 interiectioni-

169 3041 230 3108 bus
257 3040 319 3126 bip,
341 3062 422 3125 quae
449 3039 594 3105 saltantis
626 3038 826 3106 alacritatem
852 3035 983 3117 indicat,

170 3151 203 3208 et
222 3141 285 3228 top
309 3141 447 3228 aliquem
467 3140 680 3222 inclamantis,
704 3147 739 3204 ut
754 3136 841 3224 apud
854 3135 983 3201 Aristo·

168 3241 308 3328 phanem
333 3235 523 3325 βατράχοις,
554 3250 586 3307 et
606 3252 715 3307 vetere
737 3260 819 3305 voce
840 3236 905 3300 iam
927 3235 983 3300 ob-

170 3344 272 3409 soleta
281 3342 387 3430 dunop
399 3365 458 3428 pro
470 3341 610 3424 calice,
623 3365 681 3428 cop
693 3336 983 3427 (promontorium),

169 3437 260 3530 coup'
276 3444 381 3527 (ictus,
406 3444 491 3508 unde
516 3443 701 3508 adverbium
724 3439 901 3524 beaucoup)
925 3459 982 3523 sep

791 3543 827 3594 3·
