2650 4270
336 427 378 492 60
396 441 399 450 ·
623 424 661 478 De
679 423 866 494 triphthcngis.

700 625 783 703 Ooz'.

402 778 507 847 Scribi
529 778 633 844 solent
653 777 714 844 hae
736 787 802 844 tres
822 777 953 844 vocales
968 778 1002 842 in
1018 776 1151 863 quibus·

336 882 408 946 dam
440 879 634 946 dictionibus
661 889 735 945 ante
757 878 780 942 ll
798 879 907 966 molle,
936 879 1072 964 ideoque
1093 877 1151 942 tri·

334 981 532 1069 phthongum
552 1004 618 1047 non
641 981 847 1062 constituunt,
871 1003 968 1067 quum
989 984 1002 1042 i
1019 1003 1086 1045 non
1107 979 1151 1044 sit

335 1084 462 1149 adiecta
482 1091 518 1146 ut
538 1083 773 1168 pronuntietur,
807 1082 864 1148 sed
885 1091 922 1148 ut
947 1081 1075 1147 mollem
1097 1102 1150 1144 so-

333 1207 410 1250 num
431 1183 522 1252 illum
543 1183 680 1269 duplicis
703 1183 726 1246 tl
746 1183 915 1270 significet,
943 1177 978 1246 ut
1007 1178 1150 1243 mouiller

337 1284 573 1368 (madefacere),
595 1285 707 1349 rouille
722 1285 877 1370 (aerugo),
901 1305 964 1370 qua
978 1281 1073 1347 etiam
1096 1302 1149 1344 rar

336 1385 433 1466 tione,
460 1408 575 1472 nempe
600 1395 632 1450 et
646 1387 710 1452 situ
733 1395 764 1451 et
777 1385 1045 1472 pronuntiatione,
1067 1380 1149 1446 haec

340 1487 464 1572 syllaba
485 1485 589 1551 differt
604 1489 644 1553 ab
668 1491 722 1551 oui
742 1487 928 1573 dissyllabo,
950 1495 987 1550 ut
1009 1485 1063 1546 oui
1087 1481 1150 1565 (ita

336 1596 368 1652 et
391 1586 546 1670 auditus),
571 1592 651 1652 iouir
673 1588 776 1672 (frui),
805 1589 920 1652 esiouir
942 1581 1085 1670 (laetari)
1116 1590 1149 1646 ct

336 1689 461 1754 similia.

704 1841 790 1918 Oea.

397 1992 505 2058 Huius
527 1993 724 2080 triphthongi
745 2001 781 2056 ut
803 2001 835 2056 et
856 1993 989 2056 duarum
1011 2010 1148 2074 sequen-

334 2093 412 2157 tium
434 2115 513 2158 usus
529 2093 625 2179 plane
642 2094 750 2158 nullus
769 2102 818 2158 est
831 2093 866 2157 in
879 2089 1147 2178 pronuntiatione,

335 2217 416 2280 quae
430 2203 535 2260 tamen
549 2194 736 2280 peregrinos
753 2204 901 2280 torquere
914 2192 1029 2279 possit.
1064 2189 1148 2262 Nam

335 2294 503 2360 scribimus
517 2295 644 2380 quidem
659 2318 772 2359 oeuvre
783 2293 903 2380 (opus),
912 2316 990 2356 coen
998 2289 1147 2377 (votum),

335 2395 571 2477 cerastarum),
603 2396 651 2460 sic
673 2397 767 2461 etiarn
790 2396 893 2460 adhuc
906 2393 1054 2459 nonnulli
1069 2392 1148 2458 scri-

334 2497 413 2561 bunt
435 2493 535 2580 boens
554 2496 656 2582 (bos),
678 2499 712 2562 in
734 2498 849 2583 quibus
873 2505 978 2561 tamen
1000 2494 1149 2559 omuibus

336 2619 353 2658 o
369 2595 501 2681 penitus
518 2597 663 2682 quiescit.
687 2598 930 2664 Pronuntiamus
947 2596 1031 2661 enim
1042 2617 1148 2676 encre,

335 2719 403 2774 ven,
426 2701 489 2780 eus,
504 2696 590 2783 bens,
604 2715 708 2785 neque
722 2699 816 2764 video
828 2721 884 2765 cur
906 2721 924 2760 o
937 2696 1146 2778 adscribatur,

332 2797 397 2862 nisi
412 2796 549 2864 fortasse
564 2809 695 2886 propter
713 2800 847 2866 Latinas
868 2820 966 2866 voces
987 2821 1007 2862 a
1029 2798 1147 2884 quibus

334 2899 541 2982 deducuntur,
566 2923 682 2988 nempe
711 2923 822 2988 opnn,
846 2908 992 2980 votum,
1016 2922 1146 2980 ovum,

332 3000 420 3081 bos,
435 3000 487 3064 vel
495 3003 643 3086 quoniam
654 3003 688 3068 in
697 3003 808 3068 horum
817 3000 967 3066 derivatis
982 3007 1148 3064 emutatur

332 3101 367 3166 in
384 3124 414 3183 o,
431 3112 467 3166 ut
479 3106 601 3166 ouorier
616 3103 823 3190 (operarius),
838 3125 911 3166 over
926 3101 1004 3184 (ova
1017 3099 1147 3187 parere)

331 3225 389 3288 per
412 3224 431 3264 v
460 3224 661 3286 consonans,
685 3202 812 3268 bouvier
834 3202 1031 3287 (bubulcus).
1080 3199 1147 3268 Sed

330 3315 445 3368 neutra
465 3304 545 3370 haec
566 3305 646 3370 ratio
667 3305 763 3370 ullius
785 3313 835 3370 est
848 3303 1016 3384 momenti,
1038 3325 1146 3389 neque

333 3419 463 3470 causam
485 3405 602 3470 iustam
624 3405 719 3472 huius
742 3406 929 3472 scribendae
948 3404 1147 3491 triphthongi
