2650 4270
342 456 382 521 36
612 453 651 508 De
670 454 883 508 consonantibus.

342 607 455 690 (vicis).
490 605 661 673 Germanis
680 629 756 672 vero
779 608 885 672 danda
905 617 955 672 est
976 628 1082 691 opera,
1112 629 1156 670 ne

342 709 430 774 iilam
452 731 524 774 cum
546 706 562 770 b
587 707 795 788 confundant,
818 709 919 774 veluti
941 731 1014 774 oum
1034 708 1156 773 brae-

342 820 484 896 ceptor
505 810 615 874 dicunt
635 833 693 896 pro
715 818 966 896 praeceptor.

703 961 794 1060 Ως·

404 1113 498 1179 Haec
517 1135 698 1179 consonans
719 1115 876 1200 syllabam
897 1113 1052 1179 inchoans
1069 1136 1156 1179 sem-

338 1237 397 1300 per
421 1213 518 1279 habet
539 1237 560 1276 u
581 1214 727 1280 vocaiem
753 1216 949 1297 adiunctam,
979 1215 1037 1282 sed
1063 1215 1155 1300 quie-

339 1322 492 1396 scentem,
516 1324 551 1380 ut
565 1339 621 1382 suo
643 1315 714 1382 loco
738 1317 895 1398 dicemus,
920 1323 951 1383 ei
971 1316 1033 1382 hoc
1054 1339 1156 1381 unum

338 1415 548 1500 indicantem,
570 1418 655 1484 hanc
675 1427 919 1500 consonantem,
943 1439 1155 1503 quaecunque

339 1526 491 1604 sequatur
511 1521 644 1603 vocalis,
667 1521 753 1587 idem
777 1520 884 1585 valere
904 1527 1000 1604 atque
1019 1518 1087 1582 aid
1102 1527 1155 1584 est

261 1633 265 1639 '
339 1617 538 1686 Graecorum
567 1643 684 1707 cappa,
713 1622 783 1688 sive
809 1620 1031 1686 Hebraeorum
1058 1620 1153 1706 coph,

338 1729 375 1785 ut
403 1720 513 1807 quand
538 1722 702 1806 (quando),
735 1729 834 1808 quant
866 1721 1054 1807 (qnantum),
1092 1744 1155 1806 que

339 1821 461 1907 (quod),
491 1825 546 1908 qui
583 1822 695 1908 (quis),
718 1822 877 1909 quotidien
909 1823 1152 1908 (quotidianus),

338 1923 432 2009 quasi
455 1923 610 2009 scriptum
633 1924 674 1988 sit
699 1923 795 2005 houd,
821 1925 906 2004 kant,
933 1925 981 2006 ke,
1003 1925 1043 1986 lo'.
1086 1923 1153 1989 Re-

339 2023 461 2088 dundat
481 2023 581 2109 igitur
600 2023 723 2090 literae
746 2025 795 2091 illi
812 2051 831 2092 a
848 2026 1042 2112 quibusdam
1058 2047 1153 2111 prae·

337 2125 446 2210 posita
472 2125 506 2189 in
535 2125 697 2192 nonnuliis
726 2129 902 2210 vocabulis,
930 2137 966 2192 ut
987 2148 1153 2213 cneoqueS,

332 2228 482 2312 pieque,
511 2227 599 2291 nullo
624 2251 756 2314 prorsus
782 2252 859 2311 usu,
889 2252 987 2314 quum
1015 2228 1154 2294 sufficiat

338 2327 480 2392 scribere
508 2350 645 2414 coequos
672 2338 704 2396 et
725 2333 850 2416 piquer.
894 2329 1060 2416 Syllabam
1080 2331 1155 2396 finit

338 2437 492 2512 quantum
517 2452 651 2515 possum
682 2431 869 2497 meminisse
903 2432 939 2496 in
966 2431 1026 2497 hac
1055 2433 1154 2497 unica

338 2527 482 2593 dictione
513 2552 571 2614 coq
600 2531 715 2616 (gallus
737 2532 957 2618 gallinaceus),
988 2534 1045 2598 sed
1067 2533 1153 2598 desi-

337 2630 448 2695 nentia
467 2630 503 2695 in
525 2653 540 2693 c
561 2629 698 2718 plmima
719 2635 876 2700 vocabula
898 2634 1079 2701 scribuntur
1092 2657 1153 2720 per

338 2753 380 2816 qu
401 2730 436 2795 in
457 2731 619 2814 derivatio,
641 2742 676 2797 ut
695 2733 853 2822 redequer,
868 2737 993 2824 dequeo,
1010 2735 1150 2822 eloquor,

326 2829 484 2916 clloquer,
507 2831 686 2919 fidaequer,
705 2860 837 2924 greque,
858 2841 1069 2925 fantasticae,
1084 2861 1151 2923 pu·

338 2929 451 3016 hiique,
476 2957 616 3020 eroquer,
638 2961 657 3002 a
678 2936 773 3020 rebec,
795 2938 858 3024 bec,
881 2940 955 3022 ciac,
971 2941 1055 3023 choo,
1062 2941 1151 3024 froc,

334 3054 421 3120 grec,
430 3033 598 3120 fornicatio,
613 3035 732 3124 public,
749 3065 828 3106 croc.
859 3031 1027 3124 Quaedam
1041 3051 1152 3108 tamen

338 3133 497 3200 eiusmodi
524 3136 662 3205 formant
688 3141 832 3209 derivata
857 3168 923 3209 non
950 3145 985 3210 in
1007 3167 1060 3230 qu,
1092 3145 1151 3210 sed

335 3232 371 3298 in
393 3234 438 3315 ch,
463 3245 500 3301 ut
522 3237 630 3324 duche,
659 3242 775 3326 cochet,
802 3247 904 3327 secde,
929 3245 1049 3326 rocher,
1074 3243 1147 3308 des-

336 3335 452 3417 ducier,
474 3339 629 3423 concedar,
657 3347 879 3413 anominibus
904 3345 974 3429 duc,
997 3368 1061 3426 soe,
1082 3368 1147 3430 sec,

336 3459 400 3518 roc,
425 3437 542 3524 desine,
564 3466 643 3508 croc.
