<?xml version="1.0" encoding="UTF-8"?>
<!DOCTYPE html PUBLIC "-//W3C//DTD XHTML 1.0 Transitional//EN"
    "http://www.w3.org/TR/xhtml1/DTD/xhtml1-transitional.dtd">
<html xmlns="http://www.w3.org/1999/xhtml" xml:lang="en" lang="en">
 <head>
  <title>
</title>
<meta http-equiv="Content-Type" content="text/html;charset=utf-8" />
  <meta name='ocr-system' content='tesseract 3.04.00' />
  <meta name='ocr-capabilities' content='ocr_page ocr_carea ocr_par ocr_line ocrx_word'/>
</head>
<body>
  <div class='ocr_page' id='page_1' title='image "./defrancicaeling00toblgoog_0052.png"; bbox 0 0 2650 4270; ppageno 0'>
   <div class='ocr_carea' id='block_1_1' title="bbox 497 481 989 547">
    <p class='ocr_par' dir='ltr' id='par_1_1' title="bbox 497 481 989 547">
     <span class='ocr_line' id='line_1_1' title="bbox 497 481 989 547; baseline 0.004 -12"><span class='ocrx_word' id='word_1_1' title='bbox 497 481 524 546; x_wconf 84' lang='lat' dir='ltr'><strong>S,</strong></span> <span class='ocrx_word' id='word_1_2' title='bbox 543 501 564 538; x_wconf 90' lang='lat' dir='ltr'><strong>s.</strong></span> <span class='ocrx_word' id='word_1_3' title='bbox 600 483 628 546; x_wconf 87' lang='lat' dir='ltr'><strong>T,</strong></span> <span class='ocrx_word' id='word_1_4' title='bbox 648 486 666 536; x_wconf 92' lang='lat' dir='ltr'><strong>t.</strong></span> <span class='ocrx_word' id='word_1_5' title='bbox 947 481 989 547; x_wconf 82' lang='lat'><strong>39</strong></span> 
     </span>
    </p>
   </div>
   <div class='ocr_carea' id='block_1_2' title="bbox 177 635 991 1326">
    <p class='ocr_par' dir='ltr' id='par_1_2' title="bbox 177 635 991 1326">
     <span class='ocr_line' id='line_1_2' title="bbox 177 635 987 721; baseline -0.007 -15"><span class='ocrx_word' id='word_1_6' title='bbox 177 638 267 706; x_wconf 91' lang='lat' dir='ltr'><strong>Idem</strong></span> <span class='ocrx_word' id='word_1_7' title='bbox 288 637 498 718; x_wconf 87' lang='lat' dir='ltr'><strong>statuendum,</strong></span> <span class='ocrx_word' id='word_1_8' title='bbox 522 635 646 721; x_wconf 88' lang='lat' dir='ltr'><strong>quoties</strong></span> <span class='ocrx_word' id='word_1_9' title='bbox 659 635 743 700; x_wconf 90' lang='lat' dir='ltr'><strong>inter</strong></span> <span class='ocrx_word' id='word_1_10' title='bbox 760 645 987 702; x_wconf 79' lang='lat' dir='ltr'><strong>consonantem</strong></span> 
     </span>
     <span class='ocr_line' id='line_1_3' title="bbox 179 736 985 820; baseline -0.009 -14"><span class='ocrx_word' id='word_1_11' title='bbox 179 749 211 806; x_wconf 93' lang='lat' dir='ltr'><strong>et</strong></span> <span class='ocrx_word' id='word_1_12' title='bbox 236 740 381 806; x_wconf 76' lang='lat' dir='ltr'>vocalem</span> <span class='ocrx_word' id='word_1_13' title='bbox 407 737 629 804; x_wconf 77' lang='lat' dir='ltr'><strong>adhaerentem</strong></span> <span class='ocrx_word' id='word_1_14' title='bbox 656 736 805 817; x_wconf 85' lang='lat' dir='ltr'><strong>occurrit,</strong></span> <span class='ocrx_word' id='word_1_15' title='bbox 832 746 868 801; x_wconf 93' lang='lat' dir='ltr'><strong>ut</strong></span> <span class='ocrx_word' id='word_1_16' title='bbox 894 740 985 820; x_wconf 79' lang='lat' dir='ltr'><strong>uinci,</strong></span> 
     </span>
     <span class='ocr_line' id='line_1_4' title="bbox 179 837 988 926; baseline -0.005 -20"><span class='ocrx_word' id='word_1_17' title='bbox 179 842 286 920; x_wconf 80' lang='lat' dir='ltr'><strong>transi,</strong></span> <span class='ocrx_word' id='word_1_18' title='bbox 308 839 548 926; x_wconf 79' lang='lat' dir='ltr'><strong>apprehension.</strong></span> <span class='ocrx_word' id='word_1_19' title='bbox 587 837 700 923; x_wconf 87' lang='lat' dir='ltr'><strong>Itaque</strong></span> <span class='ocrx_word' id='word_1_20' title='bbox 720 859 888 923; x_wconf 83' lang='lat' dir='ltr'><strong>perperam</strong></span> <span class='ocrx_word' id='word_1_21' title='bbox 908 860 988 903; x_wconf 93' lang='lat' dir='ltr'><strong>non·</strong></span> 
     </span>
     <span class='ocr_line' id='line_1_5' title="bbox 177 939 991 1026; baseline -0.002 -20"><span class='ocrx_word' id='word_1_22' title='bbox 177 941 259 1010; x_wconf 87' lang='lat' dir='ltr'><strong>nulli</strong></span> <span class='ocrx_word' id='word_1_23' title='bbox 274 943 397 1026; x_wconf 78' lang='lat' dir='ltr'><strong>prinae,</strong></span> <span class='ocrx_word' id='word_1_24' title='bbox 419 942 624 1026; x_wconf 82' lang='lat' dir='ltr'><strong>entreprinec,</strong></span> <span class='ocrx_word' id='word_1_25' title='bbox 638 941 775 1025; x_wconf 70' lang='lat' dir='ltr'><strong>prinson</strong></span> <span class='ocrx_word' id='word_1_26' title='bbox 798 939 940 1005; x_wconf 86' lang='lat' dir='ltr'><strong>scribunt</strong></span> <span class='ocrx_word' id='word_1_27' title='bbox 958 949 991 1004; x_wconf 91' lang='lat' dir='ltr'><strong>et</strong></span> 
     </span>
     <span class='ocr_line' id='line_1_6' title="bbox 178 1040 988 1128; baseline 0.005 -22"><span class='ocrx_word' id='word_1_28' title='bbox 178 1042 394 1128; x_wconf 89' lang='lat' dir='ltr'><strong>pronuntiant.</strong></span> <span class='ocrx_word' id='word_1_29' title='bbox 432 1040 558 1123; x_wconf 78' lang='lat' dir='ltr'>Quibus</span> <span class='ocrx_word' id='word_1_30' title='bbox 582 1049 688 1106; x_wconf 88' lang='lat' dir='ltr'><strong>autem</strong></span> <span class='ocrx_word' id='word_1_31' title='bbox 709 1041 744 1105; x_wconf 90' lang='lat' dir='ltr'><strong>in</strong></span> <span class='ocrx_word' id='word_1_32' title='bbox 760 1042 891 1127; x_wconf 82' lang='lat' dir='ltr'>syllabis</span> <span class='ocrx_word' id='word_1_33' title='bbox 907 1065 988 1128; x_wconf 89' lang='lat' dir='ltr'><strong>quae</strong></span> 
     </span>
     <span class='ocr_line' id='line_1_7' title="bbox 178 1142 990 1228; baseline 0.001 -21"><span class='ocrx_word' id='word_1_34' title='bbox 178 1142 323 1228; x_wconf 86' lang='lat' dir='ltr'><strong>pluribus</strong></span> <span class='ocrx_word' id='word_1_35' title='bbox 345 1143 595 1209; x_wconf 83' lang='lat' dir='ltr'><strong>consonantibus</strong></span> <span class='ocrx_word' id='word_1_36' title='bbox 617 1151 774 1225; x_wconf 83' lang='lat' dir='ltr'><strong>constant,</strong></span> <span class='ocrx_word' id='word_1_37' title='bbox 796 1143 877 1210; x_wconf 90' lang='lat' dir='ltr'><strong>haec</strong></span> <span class='ocrx_word' id='word_1_38' title='bbox 897 1145 990 1210; x_wconf 86' lang='lat' dir='ltr'><strong>litera</strong></span> 
     </span>
     <span class='ocr_line' id='line_1_8' title="bbox 181 1244 633 1326; baseline 0.009 -18"><span class='ocrx_word' id='word_1_39' title='bbox 181 1244 283 1326; x_wconf 84' lang='lat' dir='ltr'><strong>sileat,</strong></span> <span class='ocrx_word' id='word_1_40' title='bbox 307 1266 364 1310; x_wconf 89' lang='lat' dir='ltr'><strong>suo</strong></span> <span class='ocrx_word' id='word_1_41' title='bbox 387 1244 459 1311; x_wconf 90' lang='lat' dir='ltr'><strong>loco</strong></span> <span class='ocrx_word' id='word_1_42' title='bbox 483 1245 633 1311; x_wconf 90' lang='lat' dir='ltr'><strong>dicemus.</strong></span> 
     </span>
    </p>
   </div>
   <div class='ocr_carea' id='block_1_3' title="bbox 546 1397 627 1472">
    <p class='ocr_par' dir='ltr' id='par_1_3' title="bbox 546 1397 627 1472">
     <span class='ocr_line' id='line_1_9' title="bbox 546 1397 627 1472; baseline -0.049 0"><span class='ocrx_word' id='word_1_43' title='bbox 546 1397 627 1472; x_wconf 88' lang='lat' dir='ltr'><strong>Tt.</strong></span> 
     </span>
    </p>
   </div>
   <div class='ocr_carea' id='block_1_4' title="bbox 179 1548 991 2142">
    <p class='ocr_par' dir='ltr' id='par_1_4' title="bbox 179 1548 991 2142">
     <span class='ocr_line' id='line_1_10' title="bbox 245 1548 989 1633; baseline 0.001 -19"><span class='ocrx_word' id='word_1_44' title='bbox 245 1548 339 1614; x_wconf 91' lang='lat' dir='ltr'><strong>Haec</strong></span> <span class='ocrx_word' id='word_1_45' title='bbox 360 1571 540 1614; x_wconf 85' lang='lat' dir='ltr'><strong>consonans</strong></span> <span class='ocrx_word' id='word_1_46' title='bbox 557 1550 712 1633; x_wconf 85' lang='lat' dir='ltr'><strong>syllabam</strong></span> <span class='ocrx_word' id='word_1_47' title='bbox 733 1549 897 1630; x_wconf 79' lang='lat' dir='ltr'><strong>inchoans,</strong></span> <span class='ocrx_word' id='word_1_48' title='bbox 921 1551 989 1616; x_wconf 81' lang='lat' dir='ltr'><strong>sive</strong></span> 
     </span>
     <span class='ocr_line' id='line_1_11' title="bbox 180 1649 990 1732; baseline -0.006 -14"><span class='ocrx_word' id='word_1_49' title='bbox 180 1649 251 1718; x_wconf 88' lang='lat' dir='ltr'><strong>sola</strong></span> <span class='ocrx_word' id='word_1_50' title='bbox 271 1659 306 1714; x_wconf 89' lang='lat' dir='ltr'><strong>ut</strong></span> <span class='ocrx_word' id='word_1_51' title='bbox 328 1659 369 1723; x_wconf 89' lang='lat' dir='ltr'><strong>to,</strong></span> <span class='ocrx_word' id='word_1_52' title='bbox 392 1659 429 1730; x_wconf 86' lang='lat' dir='ltr'><strong>te,</strong></span> <span class='ocrx_word' id='word_1_53' title='bbox 451 1653 482 1730; x_wconf 87' lang='lat' dir='ltr'><strong>ti,</strong></span> <span class='ocrx_word' id='word_1_54' title='bbox 505 1660 545 1730; x_wconf 89' lang='lat' dir='ltr'><strong>to,</strong></span> <span class='ocrx_word' id='word_1_55' title='bbox 569 1659 616 1732; x_wconf 87' lang='lat' dir='ltr'><strong>to,</strong></span> <span class='ocrx_word' id='word_1_56' title='bbox 646 1652 714 1717; x_wconf 91' lang='lat' dir='ltr'><strong>sive</strong></span> <span class='ocrx_word' id='word_1_57' title='bbox 742 1673 851 1715; x_wconf 85' lang='lat' dir='ltr'><strong>cumr</strong></span> <span class='ocrx_word' id='word_1_58' title='bbox 875 1660 910 1715; x_wconf 91' lang='lat' dir='ltr'><strong>ut</strong></span> <span class='ocrx_word' id='word_1_59' title='bbox 932 1660 990 1731; x_wconf 86' lang='lat' dir='ltr'><strong>tro,</strong></span> 
     </span>
     <span class='ocr_line' id='line_1_12' title="bbox 181 1749 990 1836; baseline 0.002 -22"><span class='ocrx_word' id='word_1_60' title='bbox 181 1759 237 1832; x_wconf 83' lang='lat' dir='ltr'><strong>tre,</strong></span> <span class='ocrx_word' id='word_1_61' title='bbox 273 1753 321 1831; x_wconf 84' lang='lat' dir='ltr'><strong>tri,</strong></span> <span class='ocrx_word' id='word_1_62' title='bbox 354 1763 411 1830; x_wconf 82' lang='lat' dir='ltr'><strong>tro,</strong></span> <span class='ocrx_word' id='word_1_63' title='bbox 440 1759 489 1812; x_wconf 75' lang='lat' dir='ltr'><strong>tro</strong></span> <span class='ocrx_word' id='word_1_64' title='bbox 525 1749 671 1834; x_wconf 91' lang='lat' dir='ltr'><strong>(namin</strong></span> <span class='ocrx_word' id='word_1_65' title='bbox 697 1750 853 1816; x_wconf 85' lang='lat' dir='ltr'><strong>Francica</strong></span> <span class='ocrx_word' id='word_1_66' title='bbox 880 1751 990 1836; x_wconf 83' lang='lat' dir='ltr'><strong>lingua</strong></span> 
     </span>
     <span class='ocr_line' id='line_1_13' title="bbox 179 1851 990 1936; baseline 0.002 -20"><span class='ocrx_word' id='word_1_67' title='bbox 179 1851 235 1916; x_wconf 84' lang='lat' dir='ltr'><strong>vix</strong></span> <span class='ocrx_word' id='word_1_68' title='bbox 268 1851 362 1916; x_wconf 88' lang='lat' dir='ltr'><strong>aliam</strong></span> <span class='ocrx_word' id='word_1_69' title='bbox 391 1852 453 1918; x_wconf 90' lang='lat' dir='ltr'><strong>sibi</strong></span> <span class='ocrx_word' id='word_1_70' title='bbox 475 1862 703 1918; x_wconf 88' lang='lat' dir='ltr'><strong>consonantem</strong></span> <span class='ocrx_word' id='word_1_71' title='bbox 730 1852 904 1936; x_wconf 84' lang='lat' dir='ltr'><strong>adsciscit),</strong></span> <span class='ocrx_word' id='word_1_72' title='bbox 933 1876 990 1918; x_wconf 88' lang='lat' dir='ltr'><strong>na·</strong></span> 
     </span>
     <span class='ocr_line' id='line_1_14' title="bbox 179 1949 990 2020; baseline 0.002 -3"><span class='ocrx_word' id='word_1_73' title='bbox 179 1953 280 2018; x_wconf 87' lang='lat' dir='ltr'><strong>tivum</strong></span> <span class='ocrx_word' id='word_1_74' title='bbox 302 1975 393 2018; x_wconf 91' lang='lat' dir='ltr'><strong>suum</strong></span> <span class='ocrx_word' id='word_1_75' title='bbox 416 1975 529 2018; x_wconf 90' lang='lat' dir='ltr'><strong>sonum</strong></span> <span class='ocrx_word' id='word_1_76' title='bbox 547 1953 664 2019; x_wconf 88' lang='lat' dir='ltr'><strong>retinet</strong></span> <span class='ocrx_word' id='word_1_77' title='bbox 684 1949 845 2020; x_wconf 79' lang='lat' dir='ltr'><strong>alitera&#39;d</strong></span> <span class='ocrx_word' id='word_1_78' title='bbox 859 1953 990 2020; x_wconf 84' lang='lat' dir='ltr'><strong>distinc-</strong></span> 
     </span>
     <span class='ocr_line' id='line_1_15' title="bbox 180 2053 991 2142; baseline 0.002 -22"><span class='ocrx_word' id='word_1_79' title='bbox 180 2064 256 2120; x_wconf 89' lang='lat' dir='ltr'><strong>tum.</strong></span> <span class='ocrx_word' id='word_1_80' title='bbox 299 2053 373 2124; x_wconf 84' lang='lat' dir='ltr'><strong>Hoc</strong></span> <span class='ocrx_word' id='word_1_81' title='bbox 396 2055 629 2121; x_wconf 87' lang='lat' dir='ltr'><strong>observandum</strong></span> <span class='ocrx_word' id='word_1_82' title='bbox 648 2064 697 2121; x_wconf 87' lang='lat' dir='ltr'><strong>est</strong></span> <span class='ocrx_word' id='word_1_83' title='bbox 717 2055 897 2137; x_wconf 84' lang='lat' dir='ltr'><strong>Germanis,</strong></span> <span class='ocrx_word' id='word_1_84' title='bbox 921 2057 991 2142; x_wconf 91' lang='lat' dir='ltr'><strong>qui-</strong></span> 
     </span>
    </p>
   </div>
   <div class='ocr_carea' id='block_1_5' title="bbox 159 2157 994 3563">
    <p class='ocr_par' dir='ltr' id='par_1_5' title="bbox 159 2157 994 3563">
     <span class='ocr_line' id='line_1_16' title="bbox 179 2157 991 2243; baseline 0.004 -22"><span class='ocrx_word' id='word_1_85' title='bbox 179 2157 241 2221; x_wconf 89' lang='lat' dir='ltr'><strong>bus</strong></span> <span class='ocrx_word' id='word_1_86' title='bbox 274 2178 343 2220; x_wconf 87' lang='lat' dir='ltr'><strong>mos</strong></span> <span class='ocrx_word' id='word_1_87' title='bbox 376 2164 426 2222; x_wconf 90' lang='lat' dir='ltr'><strong>est</strong></span> <span class='ocrx_word' id='word_1_88' title='bbox 457 2157 516 2221; x_wconf 91' lang='lat' dir='ltr'><strong>has</strong></span> <span class='ocrx_word' id='word_1_89' title='bbox 537 2157 629 2227; x_wconf 84' lang='lat' dir='ltr'><strong>¹duas</strong></span> <span class='ocrx_word' id='word_1_90' title='bbox 661 2158 770 2222; x_wconf 87' lang='lat' dir='ltr'><strong>literas</strong></span> <span class='ocrx_word' id='word_1_91' title='bbox 802 2157 991 2243; x_wconf 89' lang='lat' dir='ltr'><strong>saepissime</strong></span> 
     </span>
     <span class='ocr_line' id='line_1_17' title="bbox 159 2256 992 2343; baseline 0.001 -21"><span class='ocrx_word' id='word_1_92' title='bbox 159 2266 369 2342; x_wconf 85' lang='lat' dir='ltr'><strong>permutare.</strong></span> <span class='ocrx_word' id='word_1_93' title='bbox 425 2256 589 2343; x_wconf 88' lang='lat' dir='ltr'><strong>Syllabam</strong></span> <span class='ocrx_word' id='word_1_94' title='bbox 620 2281 696 2324; x_wconf 86' lang='lat' dir='ltr'><strong>vero</strong></span> <span class='ocrx_word' id='word_1_95' title='bbox 729 2281 890 2343; x_wconf 89' lang='lat' dir='ltr'><strong>nunquam</strong></span> <span class='ocrx_word' id='word_1_96' title='bbox 921 2259 992 2323; x_wconf 90' lang='lat' dir='ltr'><strong>finit</strong></span> 
     </span>
     <span class='ocr_line' id='line_1_18' title="bbox 179 2357 991 2446; baseline 0.005 -25"><span class='ocrx_word' id='word_1_97' title='bbox 179 2357 265 2423; x_wconf 91' lang='lat' dir='ltr'><strong>intra</strong></span> <span class='ocrx_word' id='word_1_98' title='bbox 297 2358 468 2441; x_wconf 86' lang='lat' dir='ltr'><strong>dictiones,</strong></span> <span class='ocrx_word' id='word_1_99' title='bbox 501 2359 565 2424; x_wconf 90' lang='lat' dir='ltr'><strong>nisi</strong></span> <span class='ocrx_word' id='word_1_100' title='bbox 598 2359 757 2444; x_wconf 86' lang='lat' dir='ltr'><strong>geminata</strong></span> <span class='ocrx_word' id='word_1_101' title='bbox 789 2382 830 2424; x_wconf 90' lang='lat' dir='ltr'><strong>ac</strong></span> <span class='ocrx_word' id='word_1_102' title='bbox 856 2360 991 2446; x_wconf 87' lang='lat' dir='ltr'><strong>proinde</strong></span> 
     </span>
     <span class='ocr_line' id='line_1_19' title="bbox 182 2459 992 2546; baseline 0.002 -23"><span class='ocrx_word' id='word_1_103' title='bbox 182 2459 353 2544; x_wconf 84' lang='lat' dir='ltr'><strong>quiescens</strong></span> <span class='ocrx_word' id='word_1_104' title='bbox 381 2460 434 2524; x_wconf 89' lang='lat' dir='ltr'><strong>vel</strong></span> <span class='ocrx_word' id='word_1_105' title='bbox 456 2461 535 2526; x_wconf 75' lang='lat' dir='ltr'><strong>alias</strong></span> <span class='ocrx_word' id='word_1_106' title='bbox 563 2482 810 2546; x_wconf 85' lang='lat' dir='ltr'><strong>supervacanea,</strong></span> <span class='ocrx_word' id='word_1_107' title='bbox 838 2469 874 2525; x_wconf 90' lang='lat' dir='ltr'><strong>ut</strong></span> <span class='ocrx_word' id='word_1_108' title='bbox 895 2460 992 2542; x_wconf 85' lang='lat' dir='ltr'><strong>lettre,</strong></span> 
     </span>
     <span class='ocr_line' id='line_1_20' title="bbox 182 2559 992 2628; baseline 0.007 -6"><span class='ocrx_word' id='word_1_109' title='bbox 182 2568 298 2623; x_wconf 84' lang='lat' dir='ltr'><strong>mettre.</strong></span> <span class='ocrx_word' id='word_1_110' title='bbox 348 2559 518 2628; x_wconf 78' lang='lat' dir='ltr'><strong>Caeterum</strong></span> <span class='ocrx_word' id='word_1_111' title='bbox 549 2563 583 2626; x_wconf 89' lang='lat' dir='ltr'><strong>in</strong></span> <span class='ocrx_word' id='word_1_112' title='bbox 615 2562 781 2628; x_wconf 86' lang='lat' dir='ltr'><strong>Franoiois</strong></span> <span class='ocrx_word' id='word_1_113' title='bbox 813 2561 947 2628; x_wconf 88' lang='lat' dir='ltr'><strong>vocibus</strong></span> <span class='ocrx_word' id='word_1_114' title='bbox 972 2586 992 2628; x_wconf 90' lang='lat' dir='ltr'><strong>a</strong></span> 
     </span>
     <span class='ocr_line' id='line_1_21' title="bbox 181 2659 993 2750; baseline 0.007 -26"><span class='ocrx_word' id='word_1_115' title='bbox 181 2659 308 2727; x_wconf 88' lang='lat' dir='ltr'><strong>Latinis</strong></span> <span class='ocrx_word' id='word_1_116' title='bbox 339 2662 374 2727; x_wconf 91' lang='lat' dir='ltr'><strong>in</strong></span> <span class='ocrx_word' id='word_1_117' title='bbox 407 2666 448 2727; x_wconf 88' lang='lat' dir='ltr'><strong>tio</strong></span> <span class='ocrx_word' id='word_1_118' title='bbox 479 2664 698 2730; x_wconf 91' lang='lat' dir='ltr'><strong>desinentibus</strong></span> <span class='ocrx_word' id='word_1_119' title='bbox 730 2665 907 2750; x_wconf 90' lang='lat' dir='ltr'><strong>desumptis</strong></span> <span class='ocrx_word' id='word_1_120' title='bbox 946 2666 993 2745; x_wconf 84' lang='lat' dir='ltr'><strong>(in</strong></span> 
     </span>
     <span class='ocr_line' id='line_1_22' title="bbox 182 2763 992 2850; baseline 0.007 -23"><span class='ocrx_word' id='word_1_121' title='bbox 182 2763 299 2847; x_wconf 89' lang='lat' dir='ltr'><strong>quibus</strong></span> <span class='ocrx_word' id='word_1_122' title='bbox 321 2763 401 2831; x_wconf 90' lang='lat' dir='ltr'><strong>haec</strong></span> <span class='ocrx_word' id='word_1_123' title='bbox 423 2787 603 2832; x_wconf 85' lang='lat' dir='ltr'><strong>consonans</strong></span> <span class='ocrx_word' id='word_1_124' title='bbox 620 2765 781 2850; x_wconf 85' lang='lat' dir='ltr'><strong>scribitur)</strong></span> <span class='ocrx_word' id='word_1_125' title='bbox 803 2766 892 2831; x_wconf 90' lang='lat' dir='ltr'><strong>nulla</strong></span> <span class='ocrx_word' id='word_1_126' title='bbox 907 2776 992 2832; x_wconf 88' lang='lat' dir='ltr'><strong>certe</strong></span> 
     </span>
     <span class='ocr_line' id='line_1_23' title="bbox 181 2863 992 2952; baseline 0.006 -25"><span class='ocrx_word' id='word_1_127' title='bbox 181 2863 320 2947; x_wconf 87' lang='lat' dir='ltr'><strong>ratione,</strong></span> <span class='ocrx_word' id='word_1_128' title='bbox 348 2867 407 2932; x_wconf 92' lang='lat' dir='ltr'><strong>sed</strong></span> <span class='ocrx_word' id='word_1_129' title='bbox 427 2867 584 2933; x_wconf 89' lang='lat' dir='ltr'><strong>communi</strong></span> <span class='ocrx_word' id='word_1_130' title='bbox 600 2889 712 2938; x_wconf 60' lang='lat' dir='ltr'><strong>,errore</strong></span> <span class='ocrx_word' id='word_1_131' title='bbox 738 2867 777 2932; x_wconf 91' lang='lat' dir='ltr'><strong>ab</strong></span> <span class='ocrx_word' id='word_1_132' title='bbox 804 2867 845 2932; x_wconf 91' lang='lat' dir='ltr'><strong>iis</strong></span> <span class='ocrx_word' id='word_1_133' title='bbox 868 2869 923 2952; x_wconf 88' lang='lat' dir='ltr'><strong>qui</strong></span> <span class='ocrx_word' id='word_1_134' title='bbox 944 2869 992 2932; x_wconf 84' lang='lat' dir='ltr'><strong>vi·</strong></span> 
     </span>
     <span class='ocr_line' id='line_1_24' title="bbox 181 2965 992 3054; baseline 0.006 -26"><span class='ocrx_word' id='word_1_135' title='bbox 181 2965 265 3030; x_wconf 89' lang='lat' dir='ltr'><strong>tiose</strong></span> <span class='ocrx_word' id='word_1_136' title='bbox 275 2965 393 3032; x_wconf 89' lang='lat' dir='ltr'><strong>Latina</strong></span> <span class='ocrx_word' id='word_1_137' title='bbox 413 2970 628 3053; x_wconf 87' lang='lat' dir='ltr'><strong>pronuntient,</strong></span> <span class='ocrx_word' id='word_1_138' title='bbox 651 2969 685 3032; x_wconf 91' lang='lat' dir='ltr'><strong>in</strong></span> <span class='ocrx_word' id='word_1_139' title='bbox 706 2969 892 3053; x_wconf 84' lang='lat' dir='ltr'><strong>peregrinas</strong></span> <span class='ocrx_word' id='word_1_140' title='bbox 914 2991 992 3054; x_wconf 89' lang='lat' dir='ltr'><strong>quo·</strong></span> 
     </span>
     <span class='ocr_line' id='line_1_25' title="bbox 182 3067 991 3157; baseline 0.001 -26"><span class='ocrx_word' id='word_1_141' title='bbox 182 3090 244 3154; x_wconf 86' lang='lat' dir='ltr'><strong>que</strong></span> <span class='ocrx_word' id='word_1_142' title='bbox 267 3067 394 3154; x_wconf 84' lang='lat' dir='ltr'><strong>linguas</strong></span> <span class='ocrx_word' id='word_1_143' title='bbox 415 3081 606 3157; x_wconf 86' lang='lat' dir='ltr'><strong>propagato,</strong></span> <span class='ocrx_word' id='word_1_144' title='bbox 634 3069 715 3135; x_wconf 89' lang='lat' dir='ltr'><strong>haec</strong></span> <span class='ocrx_word' id='word_1_145' title='bbox 736 3069 829 3134; x_wconf 88' lang='lat' dir='ltr'><strong>litera</strong></span> <span class='ocrx_word' id='word_1_146' title='bbox 852 3092 991 3155; x_wconf 90' lang='lat' dir='ltr'><strong>pronun·</strong></span> 
     </span>
     <span class='ocr_line' id='line_1_26' title="bbox 181 3167 992 3257; baseline 0 -25"><span class='ocrx_word' id='word_1_147' title='bbox 181 3168 279 3233; x_wconf 82' lang='lat' dir='ltr'><strong>tiatur</strong></span> <span class='ocrx_word' id='word_1_148' title='bbox 299 3191 358 3255; x_wconf 87' lang='lat' dir='ltr'><strong>per</strong></span> <span class='ocrx_word' id='word_1_149' title='bbox 380 3193 396 3232; x_wconf 91' lang='lat' dir='ltr'><strong>c</strong></span> <span class='ocrx_word' id='word_1_150' title='bbox 418 3170 487 3237; x_wconf 86' lang='lat' dir='ltr'><strong>sive</strong></span> <span class='ocrx_word' id='word_1_151' title='bbox 509 3172 610 3238; x_wconf 90' lang='lat' dir='ltr'><strong>solum</strong></span> <span class='ocrx_word' id='word_1_152' title='bbox 624 3182 660 3236; x_wconf 89' lang='lat' dir='ltr'><strong>ut</strong></span> <span class='ocrx_word' id='word_1_153' title='bbox 674 3172 907 3257; x_wconf 74' lang='lat' dir='ltr'><strong>interrogation,</strong></span> <span class='ocrx_word' id='word_1_154' title='bbox 928 3167 992 3232; x_wconf 81' lang='lat' dir='ltr'><strong>dis·</strong></span> 
     </span>
     <span class='ocr_line' id='line_1_27' title="bbox 175 3272 994 3361; baseline 0 -29"><span class='ocrx_word' id='word_1_155' title='bbox 175 3273 320 3356; x_wconf 79' lang='lat' dir='ltr'><strong>position</strong></span> <span class='ocrx_word' id='word_1_156' title='bbox 351 3280 384 3338; x_wconf 90' lang='lat' dir='ltr'><strong>et</strong></span> <span class='ocrx_word' id='word_1_157' title='bbox 412 3272 527 3341; x_wconf 90' lang='lat' dir='ltr'><strong>similia</strong></span> <span class='ocrx_word' id='word_1_158' title='bbox 546 3273 699 3361; x_wconf 87' lang='lat' dir='ltr'><strong>plurima,</strong></span> <span class='ocrx_word' id='word_1_159' title='bbox 736 3272 805 3337; x_wconf 90' lang='lat' dir='ltr'><strong>sive</strong></span> <span class='ocrx_word' id='word_1_160' title='bbox 828 3293 898 3335; x_wconf 90' lang='lat' dir='ltr'><strong>oum</strong></span> <span class='ocrx_word' id='word_1_161' title='bbox 921 3293 936 3332; x_wconf 86' lang='lat' dir='ltr'><strong>c</strong></span> <span class='ocrx_word' id='word_1_162' title='bbox 958 3278 994 3333; x_wconf 92' lang='lat' dir='ltr'><strong>ut</strong></span> 
     </span>
     <span class='ocr_line' id='line_1_28' title="bbox 183 3371 992 3463; baseline 0.002 -31"><span class='ocrx_word' id='word_1_163' title='bbox 183 3371 328 3454; x_wconf 72' lang='lat' dir='ltr'><strong>affection</strong></span> <span class='ocrx_word' id='word_1_164' title='bbox 344 3373 505 3459; x_wconf 83' lang='lat' dir='ltr'><strong>(affectio),</strong></span> <span class='ocrx_word' id='word_1_165' title='bbox 529 3374 621 3463; x_wconf 90' lang='lat' dir='ltr'><strong>quasi</strong></span> <span class='ocrx_word' id='word_1_166' title='bbox 636 3372 790 3457; x_wconf 88' lang='lat' dir='ltr'><strong>scriptum</strong></span> <span class='ocrx_word' id='word_1_167' title='bbox 805 3373 847 3438; x_wconf 90' lang='lat' dir='ltr'><strong>sit</strong></span> <span class='ocrx_word' id='word_1_168' title='bbox 861 3375 992 3434; x_wconf 85' lang='lat' dir='ltr'><strong>interro·</strong></span> 
     </span>
     <span class='ocr_line' id='line_1_29' title="bbox 180 3473 993 3563; baseline 0 -29"><span class='ocrx_word' id='word_1_169' title='bbox 180 3474 308 3560; x_wconf 77' lang='lat' dir='ltr'><strong>gesion,</strong></span> <span class='ocrx_word' id='word_1_170' title='bbox 346 3473 547 3563; x_wconf 65' lang='lat' dir='ltr'><strong>disposuisti,</strong></span> <span class='ocrx_word' id='word_1_171' title='bbox 582 3476 744 3563; x_wconf 81' lang='lat' dir='ltr'><strong>offecoi0n3</strong></span> <span class='ocrx_word' id='word_1_172' title='bbox 780 3473 993 3560; x_wconf 87' lang='lat' dir='ltr'><strong>praecedente</strong></span> 
     </span>
    </p>
   </div>
   <div class='ocr_carea' id='block_1_6' title="bbox 0 0 1335 4270">
    <p class='ocr_par' dir='ltr' id='par_1_6' title="bbox 0 0 1335 4270">
     <span class='ocr_line' id='line_1_30' title="bbox 0 0 1335 4270; baseline 0 0"><span class='ocrx_word' id='word_1_173' title='bbox 0 0 1335 4270; x_wconf 95' lang='lat' dir='ltr'><strong> </strong></span> 
     </span>
    </p>
   </div>
  </div>
 </body>
</html>
