2650 4270
451 473 475 527 H
495 475 557 527 ants
576 490 601 527 ιι.
637 474 667 539 L,
685 474 703 529 l.
948 475 987 542 31

178 625 314 710 Euolet,
330 649 411 695 vous
426 649 605 708 accersere,
621 626 719 692 diotio
730 624 877 693 Pioardis
892 649 991 714 prae·

222 729 331 794 sertim
352 727 535 811 familiaris,
559 750 632 794 oum
653 727 816 795 derivatis.

178 828 307 905 Buloto,
330 829 427 894 ulula.

179 928 309 1013 Humor,
333 931 477 1014 sorbere,
496 951 574 996 oum
596 931 758 998 derivatia

177 1029 286 1117 Rupe,
307 1054 424 1118 upupa.

179 1131 302 1209 Ηιινῖεν,
325 1131 456 1197 ululare.

543 1284 627 1360 LI.

242 1436 268 1496 L·
283 1437 428 1502 nativum
442 1457 535 1501 suum
551 1457 662 1502 sonum
677 1435 847 1521 singularis
862 1439 989 1522 retinet,

177 1546 246 1603 tum
267 1537 439 1604 dictionem
453 1535 623 1620 inchoans,
646 1545 681 1601 ul
702 1535 743 1613 lu,
766 1536 806 1617 le,
828 1537 859 1614 li,
882 1538 923 1618 lo,
947 1540 988 1617 lu,

177 1650 244 1705 tum
265 1639 396 1720 finiens,
423 1648 459 1703 ut
480 1637 522 1712 ol,
551 1636 587 1713 el,
617 1637 645 1709 il,
674 1637 713 1714 ul,
741 1636 783 1705 ul.
827 1636 884 1705 Sin
911 1662 990 1706 vero

178 1741 356 1828 geminetur
366 1739 464 1825 idque
471 1748 547 1826 post
557 1761 587 1814 a,
600 1739 675 1804 evol
687 1738 815 1824 o(quod
826 1739 895 1803 fieri
907 1739 992 1806 solet

178 1841 410 1910 consuetudins
421 1841 528 1927 potius
541 1862 636 1926 quam
645 1839 830 1907 necessaria
839 1840 989 1926 rationo),

178 1953 244 2010 tum
261 1941 467 2010 nihilominus
481 1942 703 2027 pronuntiatus
723 1949 760 2006 ul
782 1941 932 2028 simplex,
954 1951 991 2008 ut

178 2046 266 2124 aller,
288 2043 374 2120 belle,
398 2040 478 2118 telle,
502 2042 646 2127 querella,
661 2041 755 2126 folle,
778 2041 883 2109 molle.
906 2042 991 2110 Post

178 2150 192 2210 i
208 2168 284 2212 voro
299 2144 446 2211 vocalem
461 2143 527 2210 edit
540 2144 671 2210 mollem
692 2143 853 2230 quendam
875 2167 991 2212 sonum

176 2247 364 2328 Hebraeae,
387 2243 532 2312 Graecae
554 2253 586 2310 ot
598 2245 734 2310 Latinae
748 2244 878 2330 linguae
898 2268 990 2332 pror-

178 2371 234 2416 sus
250 2349 427 2430 insuetum,
443 2346 586 2434 proximo
601 2345 805 2411 aooedonlem
820 2345 861 2411 ad
877 2369 991 2412 sonum

179 2451 323 2538 syllabae
339 2447 362 2511 li
382 2471 452 2515 oum
474 2447 619 2535 proxima
638 2446 743 2513 vooali
766 2447 989 2531 coalescentis,

178 2574 273 2638 quem
294 2549 369 2616 Itali
400 2550 526 2637 quidem
547 2571 605 2635 per
623 2549 663 2637 gl
683 2547 838 2630 scribunt,
864 2556 934 2614 tum
954 2548 990 2615 in

176 2653 284 2735 initio,
312 2660 348 2717 ut
373 2651 408 2718 in
431 2649 481 2739 gli
505 2650 652 2733 amiculo,
680 2657 747 2716 tum
773 2649 858 2714 intra
884 2649 990 2736 ipsam

178 2755 366 2836 dictionum,
402 2762 436 2818 ut
459 2751 621 2840 figlinam,
649 2750 791 2840 Hispani
822 2773 900 2817 vero
931 2772 991 2838 por

178 2856 298 2945 duplex
313 2855 337 2919 ll
354 2854 447 2922 initio
470 2876 597 2940 quoque
616 2853 846 2920 vooabulorum
866 2859 989 2936 notant,

177 2968 213 3024 ut
232 2957 368 3023 llamudo
385 2955 477 3043 quasi
491 2953 628 3019 liumodo
649 2953 817 3041 trisyllaba
838 2952 989 3021 dictione.

177 3059 313 3125 Francis
342 3067 447 3125 autem
474 3057 528 3123 hio
555 3079 654 3124 sonus
674 3056 794 3122 nullam
816 3054 991 3119 dictionem

178 3154 991 3248 inchoat,praeterquamBiturioensibus,quigloire

179 3271 212 3329 ot
242 3260 388 3350 glorieux
411 3269 443 3326 et
464 3259 583 3328 similia
611 3257 753 3339 efferunt,
781 3256 873 3342 quasi
902 3255 991 3320 lioire

180 3362 391 3450 dissyllabum
425 3371 457 3430 st
483 3361 610 3426 lioriena
639 3357 842 3444 trisyllabum
867 3355 989 3424 sariba·

177 3472 239 3530 tur.
284 3463 340 3534 Sio
363 3485 437 3550 ergo
461 3461 579 3551 duplex
600 3460 625 3524 ll
643 3483 664 3526 a
683 3458 819 3526 Francis
840 3456 988 3525 anuntia-
