2650 4270
504 483 532 549 O,
551 499 575 540 c.
610 483 641 549 D,
661 484 684 537 d.
958 483 999 548 23

188 658 268 703 sono
289 635 433 723 proferri,
458 636 638 702 cuiusmodi
661 644 711 702 est
731 635 817 723 apud
830 633 999 701 Hebraeos

187 739 299 804 literae
322 737 422 806 Schin
442 738 478 803 in
500 738 610 803 dextro
631 738 731 804 latere
753 737 910 824 signatae,
933 759 999 802 non

188 849 225 905 ut
245 840 442 907 Graecorum
464 839 525 921 chi,
549 840 636 926 quod
658 847 773 904 sonant
790 837 943 906 Germani
964 840 999 905 in

187 943 287 1008 verbo
303 941 442 1020 macheu,
461 941 518 1007 sed
532 948 568 1006 ut
581 939 639 1006 seh
652 940 858 1028 pronuntiant
871 942 905 1006 in
918 963 998 1008 voce

188 1042 313 1107 scheba.
362 1041 418 1110 Sia
449 1043 558 1128 igitur.
579 1040 734 1108 Francice
774 1050 888 1107 sonant
928 1041 1001 1106 ctat

190 1143 321 1227 (catus),
349 1143 434 1207 ctair
462 1144 577 1226 (caro),
601 1141 705 1204 claud
733 1142 892 1224 (calidus),
926 1142 999 1207 chea

189 1245 310 1332 (apud),
317 1244 407 1308 cheul
412 1246 559 1331 (lapsus),
573 1242 655 1306 ricla
667 1242 794 1325 (dives),
807 1244 898 1311 close
910 1245 997 1330 (res),

190 1346 269 1410 eboc
285 1347 464 1432 (brassica).
498 1347 545 1411 At
567 1353 678 1410 contra
697 1343 826 1411 Picardi
846 1347 999 1433 pleraque

190 1469 210 1513 a
237 1448 372 1514 cacteris
397 1447 533 1513 Francis
567 1468 625 1532 per
658 1445 694 1508 ct
724 1446 843 1532 pingue
875 1449 1000 1534 prolata

189 1571 286 1636 perc
313 1549 435 1615 siccum
457 1547 602 1629 efferunt,
634 1557 669 1612 ut
696 1557 754 1622 rut,
784 1547 887 1622 ruald,
915 1571 998 1626 cose,

190 1653 287 1736 rique,
312 1660 344 1716 et
365 1650 503 1737 plurima
525 1670 542 1712 e
565 1649 723 1714 contrario
748 1673 807 1736 per
833 1649 868 1712 cl
893 1649 999 1736 profe·

188 1759 275 1832 runt,
304 1773 386 1837 quae
407 1773 466 1836 per
491 1772 507 1812 s
535 1750 684 1815 Latinum
711 1751 831 1816 caeteri
856 1773 998 1837 pronun-

190 1851 280 1934 tiant,
302 1861 338 1916 ut
360 1851 469 1924 electi,
494 1851 588 1928 chela,
611 1860 699 1915 tanta
721 1860 770 1916 est
791 1852 999 1918 dialectorum

190 1975 255 2018 non
276 1954 370 2018 modo
391 1954 530 2018 varietas
567 1953 623 2018 sed
646 1952 740 2017 etiam
768 1954 986 2039 repugnantia.

547 2106 643 2180 Dd.

253 2257 347 2323 Haec
370 2279 550 2324 consonans
572 2256 775 2343 pronuntiata
792 2256 913 2320 nullam
934 2259 998 2344 syl·

190 2357 297 2422 labam
328 2359 448 2424 claudit
478 2359 512 2422 in
546 2356 702 2422 Francica
733 2358 843 2442 lingua
873 2367 999 2444 praeter

191 2459 336 2557 ultimam
354 2461 388 2524 in
407 2459 597 2546 quibusdam
611 2459 813 2540 dictionibus,
834 2459 869 2523 in
884 2459 998 2544 quibus

191 2559 325 2645 perinde
339 2561 561 2647 pronuntiatur
582 2569 617 2624 ut
639 2570 659 2637 t,
684 2561 740 2625 sed
757 2561 802 2625 ita
819 2567 855 2623 ut
869 2560 998 2626 siccitas

193 2659 263 2724 eius
296 2662 496 2747 aliquatenus
532 2662 684 2747 liquefiat.
745 2659 842 2742 Quod
872 2662 901 2726 si
928 2662 999 2748 quis

191 2769 292 2844 roget,
316 2785 372 2827 cur
393 2786 459 2827 non
479 2763 577 2848 igitur
599 2762 738 2849 lpotius
762 2784 856 2848 quam
879 2760 901 2824 d
921 2764 999 2828 scri-

191 2861 292 2943 batur,
315 2865 495 2950 respondeo
510 2864 545 2928 id
558 2864 628 2927 fieri
643 2871 772 2949 propter
786 2863 1000 2928 derivatorum

191 2961 380 3048 analogiam.
421 2964 534 3049 ltaque
556 2964 724 3030 scribimus
743 2963 887 3050 guillurd
907 2963 999 3046 (hila-

190 3063 259 3146 ris),
265 3064 411 3148 poillard
420 3067 609 3146 (scortator),
625 3064 695 3126 lurrl
710 3065 855 3144 (lardum)
870 3075 1000 3152 propter

193 3163 348 3248 derivata,
361 3164 558 3253 guillurdice,
569 3164 753 3250 puillcrder,
769 3163 884 3243 lurdat,
901 3189 999 3251 quum

191 3264 311 3351 alioqui
342 3266 427 3330 haud
461 3288 554 3330 secus
582 3266 638 3331 illa
659 3267 787 3354 proprie
821 3266 997 3349 efferamus,

191 3387 287 3450 quam
315 3368 343 3433 si
369 3391 428 3454 per
453 3376 469 3459 ,t
496 3368 717 3432 scriberentur.
774 3365 830 3432 Sic
852 3369 998 3453 quamvis

190 3469 301 3534 tertiae
321 3491 480 3557 personae
505 3469 682 3554 singulares
708 3469 887 3554 praesentis
915 3469 998 3534 indi·
