2650 4270
303 398 344 468 56
614 403 652 458 Ds
671 403 847 473 diphthongis.

304 554 446 639 (fidere),
470 558 535 618 nier
551 555 700 642 (negare)
724 557 908 644 dissyllaba,
932 557 1017 644 quod
1031 560 1120 626 valet

304 656 401 722 etiam
422 657 456 721 in
470 657 653 722 verbalibus
668 658 743 723 inde
759 659 914 740 deductis,
936 669 970 724 ut
984 664 1119 744 renisur,

303 759 454 821 enituieux
482 758 520 823 ab
544 757 678 824 infinitis
700 761 810 838 renier,
833 763 970 842 onnuier,
1006 769 1038 826 et
1058 785 1119 828 no·

302 859 442 924 minibus
464 859 499 923 in
534 863 615 940 ieux,
649 882 730 944 quae
761 861 925 926 aLatinis
958 861 992 926 in
1025 883 1118 928 osus

303 961 460 1042 oriuntur,
490 969 525 1025 ut
554 966 680 1026 curr'eux
710 961 886 1047 (omiosus)
916 962 1118 1048 trisyllabum

303 1071 335 1128 et
357 1062 483 1128 similia.

686 1215 739 1291 Uo'.

367 1365 407 1428 ln
427 1365 488 1429 hao
511 1388 636 1450 quoque
659 1365 855 1452 diphthongo
876 1389 963 1432 mere
989 1365 1118 1432 Graeca

307 1474 437 1552 utraque
466 1467 591 1532 auditur
619 1466 740 1534 vocalis
766 1491 830 1533 uno
851 1476 955 1532 tractu
975 1489 1118 1552 pronun·

304 1568 390 1649 tiata,
406 1579 441 1633 ut
452 1567 520 1630 duis
530 1567 674 1652 (buxus),
683 1568 752 1630 buis
760 1568 941 1652 (hostium),
952 1567 1116 1653 lui(ipse),

304 1674 371 1733 mur'
386 1669 553 1754 (modius),
577 1673 661 1732 uuirt
675 1668 779 1753 (nox),
803 1672 859 1730 nui
874 1669 1018 1752 (noceo),
1038 1671 1118 1753 puio

305 1774 415 1858 (post),
429 1773 481 1834 oui
490 1770 648 1856 (sequor),
661 1774 728 1834 ouis
740 1770 848 1852 (sum),
862 1773 927 1832 ruis
940 1770 1119 1856 (antiquum

304 1872 497 1938 Franoioum
518 1895 634 1937 nomen
648 1895 705 1958 pro
728 1873 826 1953 rivo,
849 1871 946 1954 unde)
969 1875 1117 1936 ruiroeou

304 1975 472 2058 (rivulus),
486 1995 568 2059 quae
580 1996 689 2038 omnes
705 1973 871 2054 dictiones,
895 1981 976 2037 utet
991 1972 1116 2038 similes

305 2077 395 2158 ahoe,
414 2087 489 2142 sunt
503 2075 757 2160 monosyllabae3
782 2075 829 2139 sio
843 2073 963 2136 buiotro
977 2073 1116 2158 (ostrea)

305 2177 517 2264 dissyllabum
549 2185 612 2256 est,
648 2175 800 2239 destruite
827 2174 1038 2260 trisyllabum,
1066 2195 1116 2236 re-

303 2277 452 2341 conduire
472 2276 714 2363 tetrasyllabum
742 2285 774 2341 et
793 2277 857 2341 alia
871 2273 1114 2361 quamplurima.

304 2377 369 2445 Sed
393 2379 594 2444 observanda
616 2386 665 2442 ost
685 2376 809 2462 syllaba
831 2379 862 2440 ui
878 2399 937 2461 por
956 2375 1116 2459 digamma

302 2479 474 2544 Aeolicum
505 2479 664 2544 efferenda
702 2486 734 2542 et
761 2479 800 2543 ab
827 2478 888 2543 hao
915 2476 1115 2562 diphthongo

303 2601 434 2666 prorsus
457 2581 600 2660 diversa,
623 2588 658 2642 ut
679 2583 772 2653 aiore,
799 2581 856 2656 oie,
887 2581 1023 2661 victoira,
1052 2579 1113 2641 oin.

302 2681 385 2746 Nam
421 2682 461 2745 ab
498 2681 558 2745 hae
597 2679 793 2766 diphthongo
835 2679 923 2743 nulla
957 2677 1116 2746 Franoioo

304 2781 401 2847 dictio
423 2781 599 2846 inchoatur.
637 2779 692 2847 Sic
707 2781 804 2844 etiam
823 2781 910 2842 ennio
930 2789 962 2846 et
981 2782 1115 2844 enoieuco

304 2892 336 2949 et
368 2883 432 2948 alia
465 2882 580 2948 similia
611 2905 677 2947 non
709 2882 771 2947 hao
803 2879 1018 2968 diphthongo,
1055 2879 1115 2945 sed

302 2983 438 3050 Aeolioo
462 2983 652 3069 digammate
678 2982 747 3048 sive
776 3007 792 3045 o
822 2989 1017 3048 consonante
1038 3002 1114 3065 pro·

301 3086 494 3152 nuntiantur.
