2650 4270
377 448 415 500 De
433 448 647 501 consonantibus.
682 447 712 512 B,
731 447 755 499 b.
778 448 805 512 0,
824 463 845 501 c.
975 450 1014 512 21

207 601 289 667 hanc
310 602 436 666 literam
457 609 523 664 tum
537 601 680 664 vocalem
700 609 767 664 tum
787 609 1017 665 consonantem

207 703 438 788 designandam
456 701 747 783 accommodarunt,
763 701 941 766 hoctamen
951 701 1016 766 dis-

207 803 340 868 crimine
368 814 510 885 servato,
540 804 625 889 quod
651 802 708 866 illa
730 803 836 888 priore
864 803 915 867 usi
941 811 1016 868 sunt

206 904 241 969 in
270 904 445 969 dictionum
473 905 589 987 initiis,
616 904 680 970 ista
705 927 782 968 vero
815 904 898 970 intra
926 905 1015 990 ipsas

208 1006 364 1072 dictiones
388 1014 443 1071 aut
463 1007 498 1070 in
521 1029 629 1071 earum
649 1006 722 1070 fine.

204 1278 262 1353 De
290 1278 580 1354 Consonantium
611 1277 798 1350 literarum
825 1275 1015 1350 Francica-

403 1423 484 1468 num
510 1396 818 1495 pronuntiatione.

563 1565 654 1638 Bb.

266 1715 360 1781 Haec
382 1738 563 1781 consonans
591 1716 727 1780 eundem
749 1714 877 1800 quidem
900 1735 1015 1779 sonum

203 1816 238 1880 in
263 1816 420 1882 Francica
444 1817 555 1902 lingua
582 1818 699 1882 retinet
729 1839 823 1902 quem
845 1822 876 1879 et
896 1814 1015 1881 Graeci

205 1919 371 1982 emendate
393 1918 636 2003 pronuntiantes
659 1927 691 1982 et
703 1915 811 1980 Latini
832 1918 1012 1997 observant,

206 2018 264 2083 sed
279 2019 437 2084 suavitate
452 2019 589 2104 quadam
613 2018 789 2083 siccitatem
809 2017 912 2103 ipsius
934 2026 1014 2083 tem·

204 2127 344 2203 perante,
369 2142 431 2204 quo
445 2120 547 2204 magis
564 2121 740 2184 cavendum
763 2128 812 2184 est
831 2117 1013 2200 Germania

204 2242 245 2283 ne
271 2219 354 2284 hanc
380 2243 454 2284 cum
479 2243 507 2305 p
538 2220 673 2285 sicciore
706 2221 801 2285 etiam
831 2220 923 2285 litera
955 2244 1013 2286 suo

205 2322 343 2406 quodam
355 2343 444 2386 more
459 2321 662 2403 confundant,
679 2330 713 2386 ut
728 2345 825 2407 quum
838 2345 897 2407 pro
913 2322 1014 2386 seri-

205 2421 293 2487 bere
315 2430 346 2488 et
359 2423 496 2492 ¹bibere
510 2423 734 2509 pronuntiant,
758 2430 789 2487 et
805 2424 931 2508 quidem
947 2446 1014 2488 non

204 2521 274 2586 sine
295 2524 443 2589 densiore
463 2517 597 2610 'quoque
630 2524 706 2587 flatu
740 2525 947 2610 scrippere
981 2534 1013 2591 et

202 2623 373 2708 pippere.
415 2625 467 2690 De
488 2624 691 2691 Vasconibus
714 2634 818 2689 antem
839 2626 922 2691 hanc
941 2627 1013 2693 lite-

201 2745 269 2786 ram
295 2724 330 2786 in
353 2727 524 2791 Aeolicum
558 2727 716 2811 digamma
748 2725 1011 2792 transferentibus

201 2824 297 2909 paulo
319 2836 392 2890 ante
415 2835 464 2890 est
485 2849 504 2890 a
525 2827 619 2892 nobis
642 2828 770 2892 dictum.

567 2977 650 3053 Co.

262 3127 355 3192 Haec
376 3149 571 3211 consonans,
600 3139 669 3194 orto
690 3131 899 3217 proculdubio
923 3155 942 3196 a
963 3131 1011 3197 vi-

199 3226 283 3294 tiosa
303 3226 439 3293 Latinae
459 3229 587 3314 linguae
613 3232 871 3316 pronuntiatione
895 3255 1009 3315 errore,

200 3328 359 3414 duplicem
390 3329 487 3395 habet
520 3353 648 3414 sonum,
683 3333 737 3417 qui
764 3341 871 3398 tamen
899 3333 1010 3398 fallere

198 3429 359 3495 neminem
386 3430 451 3495 nisi
476 3430 543 3495 falli
574 3433 736 3498 volentem
762 3433 876 3519 possit.
926 3434 1011 3499 Nam
