2650 4270
166 1127 301 1210 'Illustri
323 1152 355 1208 et
375 1144 410 1207 in
434 1143 545 1229 primis
568 1164 723 1227 generoso
745 1141 899 1225 Domino,
927 1140 1016 1221 Dor

174 1246 260 1311 mino
289 1243 426 1325 Oarolo,
459 1244 579 1310 Baroni
606 1268 626 1309 a
651 1243 798 1325 Zerotin‚
826 1243 994 1326 Namestii,

177 1346 311 1428 Rosieii,
327 1345 521 1429 Branda‘r'eii,
536 1345 687 1426 Domino,
703 1343 892 1410 Theodorus
907 1344 996 1410 Beza

424 1446 457 1515 S.
480 1444 518 1512 P.
542 1447 576 1511 in
597 1445 749 1512 Domino.

240 1610 442 1721 Tuommne
468 1655 569 1740 magis
597 1655 632 1719 in
657 1661 690 1718 te
718 1651 916 1718 instituendo
943 1675 995 1718 sa-

172 1743 342 1839 pientiam,
372 1779 414 1820 an
440 1763 527 1820 tuam
552 1756 587 1841 in
615 1755 769 1821 discendo
797 1752 996 1838 diligentiam

175 1855 311 1921 admirer
329 1857 450 1937 neseio,
472 1843 611 1922 fllustris
626 1855 765 1921 Domine
779 1854 874 1920 Baro.
911 1855 996 1922 Nam

175 1955 224 2019 illi
246 1956 389 2041 profecto
412 1957 649 2044 sapientissime
670 1957 854 2022 iudicarunt
878 1957 994 2023 nobili-

173 2056 235 2123 bus
266 2059 454 2143 praesertim
480 2058 559 2124 viris
592 2058 811 2124 neeessariam
839 2079 912 2125 esse
939 2082 994 2125 ex-

172 2165 311 2223 terarum
343 2181 470 2245 quoque
501 2181 607 2225 rerum
641 2159 872 2249 cognitionem,
910 2183 993 2247 quae

172 2281 279 2346 neque
301 2260 436 2325 oertiore
462 2259 528 2326 nlla
553 2259 693 2342 ratione,
719 2283 826 2348 neque
856 2263 994 2348 gratiore

172 2359 238 2426 ullo
261 2361 381 2444 labore,
405 2384 500 2447 quam
520 2361 664 2447 ipsarum
682 2361 848 2447 regionum
863 2385 901 2428 ao
916 2386 994 2449 gen-

173 2460 253 2526 tium
281 2462 483 2549 inspeetione
511 2471 726 2547 eomparatur,
758 2464 852 2528 modo
881 2486 994 2530 sanum

175 2561 304 2648 quidem
324 2563 477 2628 indicium
499 2562 704 2645 adhibeatur,
732 2573 800 2627 tum
825 2565 861 2629 in
880 2565 923 2630 iis
944 2565 993 2631 fu-

174 2662 301 2747 giendis
331 2685 412 2749 qnae
443 2686 606 2750 nunquam
632 2663 756 2729 vidisse
788 2666 992 2751 praestiterit,

176 2771 244 2827 tum
259 2763 294 2826 in
308 2763 350 2829 iis
365 2765 576 2831 observandis
598 2787 732 2852 quorum
753 2765 869 2830 notitia
887 2767 993 2853 pietas

175 2871 384 2950 caeteraeque
405 2866 539 2932 virtutes
565 2889 637 2931 oum
665 2874 768 2932 aetate
796 2867 992 2936 adolescant.

174 2963 258 3030 Tum
272 2988 348 3032 vero
362 2967 515 3050 vicissim,
539 2968 647 3033 divino
664 2967 801 3060 quodam
823 2969 991 3051 beneficio,

176 3063 208 3132 et
225 3069 493 3152 praestantissimi
508 3067 571 3133 viri
594 3069 703 3155 tuique
723 3069 889 3135 monitoris
904 3069 992 3135 Ven-

177 3167 276 3234 oeslai
302 3168 431 3235 Lavinii
458 3169 603 3236 consiliis
629 3170 744 3253 fretus,
778 3192 880 3257 usque
911 3169 991 3233 adeo

175 3269 234 3335 tibi
261 3293 327 3335 non
355 3269 500 3352 defuisti,
533 3279 569 3334 ut
599 3272 811 3358 paucissimos
839 3292 912 3336 esse
941 3291 991 3333 ar-

175 3369 287 3453 bitrer,
310 3371 363 3437 vel
385 3396 425 3440 ex
445 3373 618 3456 majoribus
644 3373 741 3438 etiam
760 3379 855 3453 natu,
885 3378 991 3436 tecum

100 3525 104 3532 .
175 3470 211 3535 in
231 3471 292 3539 hoo
314 3473 417 3542 adhue
439 3481 551 3539 tenera
572 3481 690 3558 aetate,
718 3472 785 3538 sive
807 3471 992 3557 peregrina-

804 3579 818 3626 1
824 3573 837 3600 1
