2650 4270
332 473 370 539 16
633 471 671 524 De
693 470 837 524 vocalibus.

330 624 397 694 Sed
411 633 443 690 et
456 623 586 690 Picardi
599 632 737 690 veterem
752 621 805 688 hle
820 630 1026 707 quoquotum
1042 620 1141 706 scrip·

329 735 433 796 turam
447 736 515 788 tum
528 724 819 810 pronuntiationem
832 723 1038 802 retinuerunt,
1061 721 1140 790 adeo

330 826 458 912 quidem
494 833 528 890 ut
563 826 658 892 etiam
695 825 837 892 scribant
873 833 905 892 ct
936 822 1143 910 pronuntient

331 949 421 994 cecus
450 927 519 1010 (hic
533 927 646 1011 intus),
670 925 788 990 dedens
803 925 930 1010 (intus),
953 926 1038 990 leons
1060 925 1142 1008 (illic

328 1028 445 1112 intus),
463 1050 559 1114 quum
570 1027 687 1113 reliqui
697 1025 815 1092 Franci
831 1025 1006 1094 scribamus
1023 1037 1054 1091 et
1068 1049 1141 1112 pro-

329 1130 512 1196 nuntiemus
528 1152 633 1211 ceons,
657 1127 790 1205 dedans,
813 1127 912 1192 leons.
938 1127 1033 1194 Alter
1046 1127 1140 1192 huius

329 1231 440 1296 literae
463 1253 562 1296 sonus
585 1229 781 1296 adulterinus
804 1236 854 1295 est
873 1228 958 1294 idem
983 1235 1079 1313 atque
1103 1227 1142 1292 li·

329 1340 417 1398 terae
440 1333 452 1394 i
472 1331 648 1416 geminatae
671 1329 823 1416 duplicis,
851 1329 886 1394 in
916 1353 1012 1395 unam
1036 1336 1143 1394 tamen

331 1432 487 1518 syllabam
509 1431 736 1512 coalescentis,
760 1431 904 1516 quamvis
927 1430 1085 1496 scribatur
1104 1431 1141 1506 ie,

329 1533 423 1600 litera
448 1555 469 1594 n
496 1541 650 1618 sequente
684 1541 778 1619 atque
805 1533 975 1600 dictionem
1001 1531 1142 1596 finiente·

331 1633 387 1702 Sic
415 1633 451 1701 in
475 1633 526 1699 his
559 1635 789 1720 monosyllabis
817 1643 903 1701 recte
929 1631 1141 1720 pronuntietis

204 1745 208 1750 ’
331 1735 457 1818 accidit,
482 1733 549 1798 hieu
565 1734 700 1818 (bonum
713 1737 886 1819 solbere),
908 1735 994 1800 chien
1010 1733 1141 1817 (canis),

333 1835 1142 1924 Chrestrbufflhristianus)disyllabummienmeus),

332 1938 397 2000 rien
413 1936 534 2021 (nihil),
559 1940 626 2002 sien
642 1938 762 2023 (suus),
786 1942 847 2004 tien
863 1941 952 2021 (tuus
966 1937 1020 2004 vel
1039 1936 1141 2020 tene),

331 2060 403 2104 cum
429 2038 634 2124 compositis,
659 2043 729 2102 vien
751 2039 861 2122 (venio
882 2041 936 2106 vel
960 2039 1050 2123 veni)
1071 2060 1144 2104 cum

331 2139 527 2226 compositis,
556 2162 638 2225 quae
663 2139 770 2207 omnia
790 2142 947 2206 vocabula
969 2140 1016 2206 sic
1031 2163 1050 2206 a
1064 2160 1142 2224 pure

329 2241 611 2328 pronuntiantibus
650 2240 822 2306 efferuntur
854 2263 892 2307 ac
925 2241 953 2308 si
991 2240 1144 2324 scriptum

313 2337 419 2408 'esset
446 2345 458 2404 i
483 2341 603 2426 duplici
631 2344 724 2420 elien,
752 2341 848 2405 chilon
875 2350 935 2407 etc.
990 2342 1143 2412 Pictones

331 2453 438 2509 tamen
455 2452 602 2508 ueterem
622 2443 913 2526 pronuntiationem
939 2467 997 2530 per
1020 2467 1036 2507 e
1059 2443 1145 2508 clau-

333 2567 404 2610 sum
430 2543 602 2608 retinuisse
629 2543 732 2608 videri
758 2553 905 2630 possent,
939 2544 1003 2610 nisi
1031 2543 1103 2607 ein
1125 2565 1145 2606 a

332 2654 499 2728 mutarent,
521 2652 557 2709 ut
579 2643 616 2708 ils
640 2643 754 2722 disant,
779 2645 818 2708 ils
834 2645 974 2731 parlari.
1020 2642 1086 2710 Sed
1110 2643 1146 2707 in

332 2747 505 2812 earundem
529 2766 646 2811 vocum
676 2745 859 2812 foemininis
887 2769 904 2810 e
933 2747 1075 2812 clausum
1095 2766 1146 2809 re·

333 2849 486 2914 stituitur:
514 2848 681 2914 scribimus
700 2847 786 2914 enim
806 2856 837 2912 et
853 2847 1011 2914 efferimus
1032 2845 1146 2925 chiens,

333 2949 438 3032 (canis
446 2949 607 3033 foemina),
618 2947 1147 3033 Chrestieuefflhristiana)[quam-

331 3051 383 3118 vis
407 3050 595 3116 clarescente
615 3049 882 3134 (Ohristianitas),
903 3048 1146 3136 pronuntiemus

333 3151 534 3236 Chresliente]
549 3150 765 3236 mione(mea),
777 3153 862 3216 siene
873 3149 973 3234 (sua),
986 3152 1065 3214 tiene
1077 3149 1148 3232 (tua

331 3263 365 3320 et
383 3254 517 3338 teneat),
540 3256 628 3318 viere
650 3252 797 3338 (veniat).
