2650 4270
322 443 363 505 54
614 439 654 493 Do
671 438 847 509 diphthongis.

321 591 554 677 diphthongum
569 594 610 672 αἱ,
625 592 659 656 id
675 602 724 658 est·
739 615 756 656 e
771 603 915 677 apertum
925 594 1133 675 retinuerunt,

321 701 357 756 ut
370 693 557 774 Normanni,
581 694 636 778 qui
657 717 716 779 pro
731 693 787 777 soi
807 693 913 775 (fides)
937 694 1080 758 scribunt
1102 706 1135 759 et

321 794 531 879 pronuntient
543 795 615 876 foi,
639 803 671 859 et
685 795 800 880 vulgus
815 793 1045 860 Porisiensium
1056 817 1135 880 por-

322 894 365 956 ot
386 894 612 979 (loquebatur),
633 896 706 958 ulle!
727 896 829 976 (ibat),
854 903 944 958 venel
957 896 1133 978 (veniebat)

320 1017 379 1078 pro
396 995 529 1080 perluit,
552 997 647 1077 alluit,
671 999 782 1076 venuit,
806 1005 837 1060 et
856 995 1054 1061 Italo-frenei
1074 1021 1133 1083 pro

321 1096 465 1182 Αηιςνῖοίε,Ι
513 1098 544 1160 F
542 1101 676 1178 ranpoio,
718 1096 885 1160 Ercorooz'o
927 1099 1134 1183 pronuntient

320 1199 452 1285 Angleo,
475 1199 624 1280 Francos,
648 1199 813 1277 Eroosreu
829 1220 888 1282 per
902 1220 919 1260 e
934 1210 1077 1283 opertum
1092 1202 1132 1266 ab

319 1297 1132 1385 Itulisnominibuslnglese,Fronoese,Soo-

322 1422 421 1464 zese.
455 1401 539 1465 Num
553 1403 593 1467 ob
614 1401 675 1466 heo
696 1399 900 1484 triphthongo
922 1401 970 1465 sio
984 1400 1133 1467 abhorret

320 1500 435 1567 Italion
456 1503 576 1588 lingua,
599 1511 634 1566 ut
656 1507 710 1582 toi,
726 1503 790 1562 moi
809 1509 840 1564 et
862 1501 978 1566 similia
991 1525 1048 1587 per
1064 1502 1133 1566 dia»

319 1605 420 1689 lysin,
444 1605 599 1690 producto
623 1602 758 1666 etiumo
786 1601 992 1687 pronuntient
1004 1607 1074 1688 jo-r'
1100 1614 1132 1668 et

319 1709 398 1769 nto-i
418 1703 606 1790 dissyllaba.

383 1805 632 1892 Corruptissime
661 1827 736 1868 vero
763 1802 992 1870 Parisiensium
1014 1807 1131 1890 vulgus

318 1907 424 1973 Dones
461 1899 725 1980 πλαιειάζοντας
757 1903 888 1987 imitati,
929 1929 986 1991 pro
1031 1910 1132 1970 ooirre

319 2009 389 2074 eive
400 2018 435 2072 ut
450 2008 505 2072 alii
521 2006 664 2072 scribunt
675 2028 762 2068 verre
780 2003 1043 2090 (vitrum),foirre
1059 2008 1132 2093 (po-

318 2110 370 2176 lea
394 2108 551 2191 farraceo)
574 2106 717 2172 scribunt
738 2114 771 2169 et
791 2108 998 2189 pronuntiant
1020 2132 1133 2172 oourre

319 2226 351 2278 et
369 2213 492 2297 fourre,
523 2208 697 2291 itidemque
724 2229 781 2291 pro
810 2210 885 2270 trois
909 2211 1014 2293 (tres),
1044 2219 1132 2273 trous

319 2325 351 2379 et
373 2325 449 2378 tras.

698 2459 763 2533 Ou.

381 2617 421 2680 In
441 2616 504 2681 hoo
527 2610 726 2695 diphthongo
748 2633 853 2696 neque
878 2637 895 2674 o
912 2637 1060 2679 sonorum
1075 2636 1133 2678 ne·

320 2740 381 2802 que
405 2741 425 2778 u
448 2716 544 2794 exile,
575 2710 633 2776 sed
659 2710 776 2777 mixtus
806 2737 845 2777 ex
872 2725 1005 2800 utroque
1033 2737 1132 2780 sonus

320 2817 461 2898 auditur,
494 2838 557 2900 quo
586 2810 704 2878 Graeci
732 2813 858 2896 quidem
886 2826 1011 2882 veteres
1041 2840 1133 2882 suum

199 2921 201 2926 ’
320 2943 349 2996 o,
371 2917 507 2983 Romani
529 2937 605 2980 vero
629 2933 721 2976 suum
743 2936 762 2973 u
785 2916 909 2996 vocale,
937 2927 973 2982 ut
994 2929 1026 2982 et
1047 2939 1133 2982 nunc

320 3017 488 3099 Germani,
514 3016 702 3093 efferebant,
738 3016 821 3080 unde
843 3017 922 3082 iliud
945 3017 1074 3098 aeoidit,
1098 3025 1133 3081 ut

318 3143 481 3206 nunquam
503 3120 538 3183 in
552 3116 668 3182 Latino
689 3113 800 3200 lingua
820 3117 900 3184 haeo
915 3118 1132 3204 diphthongus

319 3222 520 3287 scriberetur.
566 3219 631 3286 Sed
653 3215 719 3296 hic,
743 3226 777 3280 ut
798 3228 871 3284 ante
898 3220 1056 3300 admonui,
1080 3240 1133 3283 oa-

317 3323 456 3388 vendum
485 3333 547 3402 est,
577 3345 618 3387 ne
645 3315 699 3388 vel
727 3317 990 3405 Lugdunensium
1014 3320 1068 3406 qui
1092 3343 1134 3383 ou

317 3445 376 3508 pro
400 3448 430 3506 o,
453 3434 489 3487 ut
510 3432 649 3499 nuurlre,
668 3431 795 3486 uouolre
814 3446 871 3508 pro
888 3431 1003 3503 nosue,
1019 3429 1133 3496 vostre,
