2650 4270
348 453 390 518 34
620 453 657 506 Da
676 456 890 512 consonantibus.

347 608 469 688 ronion,
484 607 621 693 ganisan
642 616 674 672 et
691 609 813 688 iniorer,
839 609 1048 695 trisyllabum.
1070 610 1162 677 Hinc

346 706 465 772 factum
490 716 526 772 ut
551 707 696 774 nonnulli
728 719 801 776 ante
836 733 876 774 on
907 710 943 774 in
976 711 1162 777 huiusmodi

346 809 481 874 vocibus
503 811 515 871 i
535 810 704 895 quiescens
719 812 872 893 inserant,
898 811 984 897 quod
1006 833 1066 896 ego
1089 812 1161 897 qui-

348 910 421 974 dem
441 933 507 976 non
527 914 642 997 probe,
671 935 768 998 quum
793 914 902 998 potius
929 913 958 978 si
987 913 1162 978 occurrerit

347 1011 390 1078 sit
421 1014 675 1100 expungendum.
727 1012 783 1080 Sic
811 1013 896 1080 enim
924 1037 944 1078 a
974 1014 1160 1080 nominibus

347 1116 425 1193 coin,
463 1119 592 1181 lesmoin
624 1125 656 1182 et
688 1113 794 1181 tesoin
826 1115 1025 1180 deducuntur
1060 1115 1162 1180 verba

346 1239 472 1302 regnor,
485 1226 662 1306 iesmngner
674 1226 705 1282 et
716 1215 884 1304 besegner,
909 1238 991 1302 quas
1001 1215 1159 1297 nonnulli,

345 1317 512 1385 interiecto
544 1321 644 1386 altero
678 1343 709 1400 n,
738 1317 882 1384 scribunt
909 1338 1066 1404 rongner,
1096 1325 1160 1378 tes-

346 1441 507 1508 mongner‚
540 1419 723 1509 besongncr.
781 1419 895 1504 Neque
928 1441 1006 1483 sane
1037 1425 1161 1482 temere

345 1515 529 1607 trifaciant,
557 1548 654 1611 quum
677 1522 865 1609 saepissime
888 1521 936 1586 sic
957 1519 1161 1606 geminentur

344 1646 391 1706 m,
422 1634 457 1690 ut
481 1650 539 1712 pro
566 1626 655 1688 home
688 1625 809 1708 (homo)
842 1643 922 1687 usus
955 1620 1093 1687 obtinuit
1122 1628 1160 1684 ut

346 1728 502 1792 scribatur
523 1744 555 1792 et
575 1729 797 1815 pronuntietur
824 1725 954 1804 homme,
983 1732 1015 1788 et
1036 1746 1055 1782 n
1078 1743 1159 1806 quo-

345 1849 406 1912 que
433 1829 466 1892 in
498 1826 607 1906 bonne,
633 1850 757 1908 soricen,
784 1828 935 1908 honneur,
965 1825 1115 1886 honnesie
1138 1845 1159 1886 a

343 1927 468 1994 Latinis
480 1930 613 1995 vocibus
628 1932 742 2011 bona,
760 1949 917 2008 sonare,
933 1926 1072 2004 honor,
1088 1922 1158 1986 ho-

343 2040 497 2113 nestas,
519 2032 595 2097 lieet
615 2033 758 2098 dicamus
774 2030 912 2117 simplici
927 2052 947 2090 n
968 2027 1103 2088 loriorer
1124 2032 1158 2088 et

343 2131 521 2215 honoratis,
545 2135 584 2200 ab
607 2134 799 2199 honorare
831 2140 862 2198 et
893 2125 1155 2195 honorabilis.

344 2234 399 2303 Sic
414 2235 510 2300 etiam
524 2235 615 2323 velg
630 2244 789 2323 expuncto
813 2231 1016 2300 scribendum
1038 2237 1088 2292 est
1103 2249 1157 2288 co·

344 2339 461 2400 noisire
483 2343 514 2402 et
533 2339 746 2418 sensisseeos,
766 2335 819 2402 vel
840 2335 874 2398 in
892 2357 911 2395 n
926 2338 1058 2410 mutato,
1081 2351 1156 2390 oon-

342 2441 460 2502 noisire
481 2448 514 2503 et
539 2441 778 2519 connaissance,
808 2457 867 2522 pro
894 2433 1009 2520 quibus
1036 2429 1155 2494 vitiose

342 2543 440 2608 scribi
452 2541 535 2607 solet
545 2541 724 2626 cogneistre
735 2549 767 2605 et
777 2538 1014 2626 cogneissnncc.
1037 2528 1155 2597 Gaius·

340 2647 428 2711 modi
456 2667 475 2707 n
503 2645 644 2710 Hebraei
678 2665 742 2708 non
775 2641 953 2708 seriberent
979 2635 1153 2722 geminum,

343 2749 400 2814 sed
420 2773 478 2836 per
500 2747 620 2834 daghes
634 2745 716 2811 forte
732 2744 818 2830 quod
832 2747 967 2820 vocant,
983 2737 1152 2825 aptissimo

342 2851 532 2937 compendio
551 2856 711 2928 notarent,
741 2846 831 2912 ouius
855 2840 1036 2926 exemplum
1056 2837 1153 2902 nobis

342 2951 705 3018 accommodatissimum
714 2955 825 3013 nostra
836 2944 916 3008 haee
926 2939 1153 3007 Francicalin-

341 3075 404 3141 gua
426 3052 610 3140 suppeditat
630 3050 664 3114 in
685 3047 822 3114 <liversis
844 3043 1048 3124 dictionibus,
1072 3063 1152 3127 qua-

340 3181 410 3221 rum
420 3156 507 3242 prior
521 3155 556 3218 in
570 3177 591 3214 n
603 3151 733 3234 desinit,
746 3147 906 3236 posterior
916 3168 992 3210 vero
1004 3145 1120 3230 incipit
1131 3167 1153 3209 a

340 3257 459 3338 vocali3
490 3253 628 3340 exempli
655 3252 759 3338 gratia
787 3247 948 3320 ,Francius
981 3247 1029 3312 sio
1062 3252 1152 3309 recte

341 3353 524 3446 scripseris:
552 3358 657 3418 Pierre
677 3355 742 3416 s'en
765 3359 813 3415 cst
833 3349 906 3428 nile,
935 3348 1020 3433 quod
1040 3356 1151 3412 tamen

340 3460 388 3526 sic
421 3439 615 3525 efferendum
646 3463 708 3520 est:
745 3451 852 3516 Pierre
877 3453 942 3514 s'en
975 3457 1046 3513 nest
1076 3447 1152 3513 alie.
