2650 4270
484 456 524 510 De
543 457 704 512 accentibus,
961 461 1003 525 89

251 608 401 690 Quarta
415 610 573 698 Regula.
607 610 834 697 Diphthongus
850 633 891 672 aa
920 631 1002 676 sem-

192 732 250 796 per
275 711 461 797 producitur
483 711 552 779 sive
573 713 608 778 in
627 712 819 798 penultima,
845 718 880 776 ut
902 711 1004 774 aulae

190 837 248 894 -υ,
274 821 386 878 nutant
413 849 475 897 —,
502 814 643 877 trulleia
664 845 723 894 -ν,
761 813 831 878 sive
857 811 892 877 in
914 822 1018 898 ante-¹

189 915 378 998 penultima,
394 926 430 982 ut
443 915 628 980 haultemcnl
640 939 725 996 -υ-,
743 915 902 979 dauitaine
918 945 1001 998 -υν,

191 1017 260 1082 sive
292 1017 327 1080 in
360 1017 471 1082 ultima
501 1015 646 1082 trahente
679 1039 787 1083 secum
817 1027 1003 1104 sequentem

191 1119 376 1200 dictionem,
398 1128 434 1185 ut
454 1118 544 1181 haul!
556 1106 595 1182 ¹ct
616 1117 717 1182 droict
732 1143 814 1184 -νυ,

253 1218 407 1300 Quinta
426 1219 584 1307 Regula.
620 1219 646 1284 S
664 1221 749 1286 inter
770 1221 849 1286 duas
871 1221 1002 1288 vocales

191 1321 391 1409 deprehensa
432 1343 470 1386 ac
513 1321 663 1408 proinde,
709 1323 793 1388 sicut
833 1345 891 1388 suo
929 1325 1013 1389 loco

191 1423 347 1504 diximuS,
387 1444 445 1507 per
483 1446 501 1484 z
538 1423 742 1509 pronuntiata
783 1433 816 1488 et
857 1425 1003 1490 vocalem

192 1524 387 1610 singularem
426 1532 458 1589 et
497 1523 726 1610 diphthongum
763 1524 1004 1590 antecedentem

191 1626 355 1713 producit,
389 1633 424 1688 ut
450 1626 544 1706 inser,
579 1623 691 1706 droise,
726 1632 846 1703 anison,
878 1625 1003 1710 plaisir,

190 1749 296 1806 cause,
325 1725 400 1807 bisc,
428 1728 516 1808 misc,
540 1730 647 1811 prise,
672 1748 753 1805 oser,
774 1725 876 1808 chose,
891 1748 1004 1811 parer,

194 1827 315 1909 choisir,
337 1827 434 1909 loisir,
461 1829 560 1908 recise,
583 1830 669 1909 loire,
692 1848 776 1908 aser,
799 1848 881 1906 ruse,
904 1849 1002 1902 masc,

192 1931 288 2012 coice,
301 1929 463 2011 frisa-v,
477 1951 603 1993 camare
621 1953 709 2006 υ-ν,·
729 1927 803 1992 etin
815 1929 1005 2013 antepenul-

192 2031 285 2112 tima,
309 2039 344 2094 ut
359 2052 503 2111 rausero,
518 2049 622 2112 asera,
639 2027 824 2111 embrasera,
842 2051 1005 2116 reposera,

194 2131 339 2210 choisiru,
371 2133 510 2217 prisera,
548 2131 674 2211 aniciae,
708 2152 812 2209 asera,
839 2151 1001 2213 accusare,

194 2253 354 2312 excusem,
393 2253 505 2318 usage,
541 2232 652 2316 vinage
677 2262 764 2317 -vv3
796 2231 872 2297 nisi
897 2232 1006 2297 obstet

193 2331 368 2418 penultima
406 2331 470 2396 alia
506 2329 629 2396 ratione
666 2331 777 2418 longa3
810 2341 887 2398 tunc
919 2333 1005 2397 enim

192 2432 369 2520 penultimo
383 2432 571 2512 dominatur,
587 2439 623 2494 ut
629 2434 736 2517 prisce
759 2461 839 2513 ν-ν,
861 2455 1003 2514 accusee,
1023 2509 1025 2514 ι

194 2553 326 2598 cronaca
340 2560 449 2608 νν-ν,
481 2532 606 2618 Excipe
629 2556 647 2597 c
666 2533 872 2600 foemininum
893 2556 1005 2599 occur-

194 2656 284 2716 rens,
317 2635 404 2720 quod
428 2656 589 2720 nunquam
616 2635 813 2720 producitur,
841 2643 877 2699 ut
895 2657 1003 2721 perer,

191 2739 281 2824 gesir
303 2762 361 2817 νυ,
385 2737 499 2822 gesine
515 2761 592 2806 νυν,
630 2736 712 2801 Item
735 2745 817 2800 irene
840 2765 897 2817 vv,
926 2758 1007 2821 qua·
1061 2727 1063 2730 ¹

194 2846 280 2901 torae
298 2864 375 2918 νυν,
403 2840 494 2900 moisi
523 2863 582 2918 υ-,
614 2839 763 2928 arpmoiai
779 2861 859 2918 w-‚
892 2839 1004 2918 noisirr,

194 2941 303 3002 cousin
325 2966 383 3021 νυ,
407 2941 533 3021 noisinc,
558 2941 686 3003 causina
710 2966 788 3010 νυν,

257 3039 381 3108 Sexta
405 3039 565 3127 Regula.
617 3040 643 3102 Α
674 3061 747 3104 cum
779 3041 790 3100 i
817 3036 1006 3123 quiescente

193 3150 267 3207 ante
296 3141 415 3227 duplex
445 3140 470 3204 ll
493 3142 587 3207 molle
612 3162 682 3206 cum
705 3163 722 3203 e
742 3138 914 3205 foeminino
937 3136 1004 3202 dic·

192 3242 311 3307 tionem
337 3241 469 3308 finiente
491 3251 541 3309 est
561 3243 705 3327 longum,
733 3247 770 3303 ut
791 3237 875 3320 cille,
900 3236 1003 3318 baille,

192 3343 294 3425 cailla,
328 3343 433 3427 scilla,
477 3344 587 3424 maille,
622 3341 733 3428 paille,
770 3337 871 3421 soille,
909 3339 1006 3420 tuille,

191 3443 284 3508 voille
303 3475 363 3514 -ν,
