2650 4270
332 458 373 523 32
601 456 639 511 De
658 457 875 512 consonantibus.

332 619 384 677 tur
410 611 554 698 proxime
581 610 793 694 praecedente
822 612 842 689 i,
868 631 949 695 quae
972 609 1094 676 vocalis
1118 610 1150 675 si

336 713 407 779 sola
419 713 529 796 fuerit,
545 733 659 777 sonum
674 733 766 776 suum
782 720 904 792 servat,
927 719 963 775 ut
977 709 1048 774 bille
1063 711 1150 796 (glo-

335 814 457 900 bulus),
469 810 623 899 fondrille
645 812 772 896 (sordes
794 813 829 876 in
842 811 940 878 fimdo
951 812 1149 898 haerentes),

324 913 398 1002 fille
413 913 519 998 (filia),
538 911 633 1001 grillo
655 912 849 996 (craticula),
862 913 1046 994 fourmiller
1069 913 1149 996 (for-

332 1017 486 1084 micarum
511 1016 612 1080 instar
638 1014 821 1100 pullulare),
852 1014 979 1078 chenille
1007 1014 1148 1099 (eruca),

326 1116 424 1204 piller
440 1115 628 1202 (populari),
645 1115 741 1202 quilla
756 1115 892 1201 (lignum
906 1116 1074 1203 parvulum
1088 1139 1150 1203 py-

334 1217 467 1285 ramidis
482 1217 584 1283 instar
599 1216 763 1299 effictum),
776 1216 862 1279 oiller
876 1216 1039 1301 (nictare),
1055 1217 1151 1280 silton

334 1318 459 1403 (sulcus
474 1319 558 1383 inre
579 1318 718 1401 rustica,
741 1319 810 1384 sive
832 1319 985 1404 merges).
1022 1317 1152 1404 Excipe

334 1420 508 1486 dictionem
541 1420 667 1484 unicam
694 1417 765 1482 cille
791 1441 849 1505 pro
878 1420 990 1503 urbe,
1024 1421 1057 1485 in
1085 1443 1152 1506 qua

333 1528 429 1586 sonat
456 1519 469 1582 l
494 1519 671 1604 singulare,
699 1519 746 1586 sic
776 1521 910 1608 scripta,
938 1531 974 1586 ut
995 1545 1015 1586 a
1037 1520 1151 1589 foemi-

333 1622 412 1688 nino
438 1619 598 1687 adiectivo
629 1621 688 1684 uile
710 1621 815 1706 (vilis)
838 1622 1045 1688 discernatur.
1091 1621 1152 1690 Sin

336 1731 444 1789 autem
464 1721 608 1788 vocalem
630 1724 642 1783 i
660 1723 832 1808 praecedat
854 1723 917 1789 alia
939 1745 1152 1809 quaecunque

337 1824 407 1890 sive
440 1823 578 1910 simplex
613 1822 681 1888 sive
715 1823 750 1888 in
782 1823 996 1911 diphthongo,
1038 1834 1107 1890 tum
1141 1827 1155 1887 i

336 1924 476 2010 quiescit
495 1932 528 1989 et
542 1923 675 2004 indicat,
700 1923 818 2009 duplex
839 1924 919 1990 illud
940 1925 964 1988 ll
983 1925 1038 1990 illo
1060 1925 1153 1991 molli

337 2049 417 2092 sono
433 2024 642 2105 efferendum,
666 2033 701 2088 ut
714 2033 788 2112 post
802 2048 837 2090 u:
861 2023 967 2090 baillos
982 2027 1151 2112 (tradere),

333 2128 433 2214 poille
460 2127 590 2213 (palea),
620 2127 720 2190 scillir
743 2126 874 2210 (salire),
897 2138 971 2213 post
993 2151 1023 2193 e:
1048 2127 1154 2192 veillcr

332 2229 509 2315 (vigilare),
534 2226 640 2291 treillr's
656 2227 817 2312 (clathra),
841 2237 915 2315 post
931 2251 987 2294 ou:
1010 2227 1154 2292 mouillcr

337 2329 574 2413 (madefacere),
580 2328 1151 2416 grenouille(ranu),bouillir(bullire)‚

338 2441 415 2518 post
429 2452 481 2494 eu:
496 2429 608 2513 feuille
629 2430 780 2515 (folium),
798 2431 908 2496 oeuille
923 2430 1062 2515 (velim).
1097 2427 1154 2496 Sic

339 2532 426 2599 enim
444 2532 526 2597 hacc
547 2531 682 2597 arbitror
703 2532 887 2614 scribenda,
909 2556 975 2598 non
997 2540 1032 2595 ut
1054 2530 1151 2616 vulgo

340 2633 445 2698 solent
451 2631 576 2718 fiseille,
597 2632 717 2696 pusille.
755 2631 851 2714 Quod
873 2641 980 2699 autem
994 2631 1152 2717 Aquitani

341 2743 373 2801 et
390 2757 446 2800 eos
460 2733 577 2799 imitati
597 2733 743 2801 nonnulli
764 2735 850 2800 hunc
872 2757 987 2801 sonum
1009 2731 1155 2798 scribunt

339 2857 398 2922 per
421 2834 462 2917 tl,
490 2843 527 2899 ut
553 2831 668 2910 halben,
697 2835 836 2898 mouldeo
865 2844 896 2901 et
923 2833 1053 2916 similia,
1088 2832 1154 2918 ipsi

342 2935 483 3002 viderint
505 2957 568 3022 qua
588 2937 711 3001 ratione
733 2935 862 3001 faciant.

688 3090 803 3164 Mon.

405 3238 446 3304 M
474 3239 628 3325 syllabam
653 3239 809 3306 inchoans
839 3261 914 3304 vero
946 3246 977 3304 et
1006 3235 1155 3302 omnibus

337 3339 462 3426 linguis
489 3340 607 3407 usitato
629 3361 707 3406 sono
731 3340 923 3428 compressis
945 3339 1041 3405 labiis
1065 3337 1157 3403 effer-

339 3448 409 3523 tur,
431 3449 467 3507 ut
482 3463 543 3522 mo,
558 3463 614 3523 me,
637 3444 686 3518 mi,
712 3465 772 3520 mo,
795 3465 857 3525 mu,
880 3441 1037 3528 syllabam
1052 3447 1159 3506 autem
