2650 4270
337 468 377 532 14
640 466 678 519 De
699 467 841 520 vocalibus.

400 619 527 685 Tertius
549 618 644 684 huius
672 619 794 686 vocalis
824 643 923 686 sonus
950 618 1085 685 Graecis
1113 628 1145 685 et

224 733 228 746 ⁴
334 719 459 787 Latinis
479 720 617 806 ignotus,
640 719 669 785 is
690 720 762 806 ipsc
785 721 909 804 estqui
931 722 971 786 ab
985 719 1145 786 Hebraeis

333 823 481 888 tribuitur
505 830 626 906 puncto
655 821 740 906 quod
761 819 847 888 Seva
866 830 992 906 raptum
1013 831 1144 904 vocant,

335 920 424 989 Galli
443 945 520 987 vero
553 944 568 985 c
589 921 782 988 foemineum
803 931 933 1009 propter
953 922 1145 989 imbecillam

336 1031 368 1088 ct
388 1023 444 1088 vix
467 1045 615 1088 sonoram
636 1044 749 1088 vocem
763 1024 933 1110 appellant,
957 1046 1039 1109 quae
1052 1025 1146 1089 litera

334 1133 505 1210 propterea
525 1147 630 1209 neque
652 1125 687 1188 in
701 1126 907 1210 pentametris
930 1132 1041 1211 quarto
1062 1125 1144 1207 loco,

333 1248 439 1312 neque
462 1233 553 1290 sexto
575 1226 646 1291 loco
668 1227 702 1289 in
716 1226 908 1291 hexametris
922 1227 1070 1293 versibus
1090 1226 1146 1292 ad-

334 1327 475 1408 mittitur,
502 1333 534 1391 et
547 1348 661 1391 versus
677 1349 786 1392 omnes
808 1327 843 1392 in
861 1327 948 1392 illam
963 1328 1146 1394 desinentes

333 1426 528 1515 hypermetri
549 1426 715 1492 habentur.
752 1427 865 1514 Itaque
880 1429 1051 1495 dictionem
1063 1453 1146 1494 nun-

335 1553 431 1617 quam
451 1529 505 1596 hic
527 1549 626 1594 sonus
647 1527 799 1595 inchoare
819 1538 934 1616 potest,
960 1539 1070 1616 utpote
1092 1531 1146 1616 qui

335 1653 460 1718 semper
486 1630 539 1697 vel
566 1653 585 1694 a
611 1638 807 1696 consonante
834 1632 1046 1717 praecedente
1065 1654 1146 1718 pen-

335 1734 426 1816 deat,
459 1732 513 1798 vel
546 1731 575 1796 si
606 1731 687 1796 nulli
724 1733 913 1798 consonanti
949 1733 1145 1815 subiiciatur‚

333 1832 557 1921 praecedentis
595 1831 718 1898 vocalis
761 1833 804 1899 sit
840 1833 941 1899 ueluti
977 1835 1146 1920 productio

216 2021 218 2034 Ι
335 1935 503 2022 quaedam:
517 1942 553 1999 ut
565 1935 645 1996 amic
652 1933 795 2018 (amica),
809 1937 907 1999 cimae
918 1936 1062 2020 (amata),
1075 1939 1147 2001 ioue

336 2036 460 2123 (gena).
504 2035 661 2103 Dicemus
690 2043 795 2102 autem
814 2037 849 2101 in
869 2036 963 2102 litera
988 2061 1009 2099 n
1039 2045 1070 2102 et
1098 2037 1147 2103 di-

333 2138 569 2225 phthongorum
599 2145 735 2204 tractatu
763 2136 804 2202 de
828 2137 983 2222 peculiari
1010 2137 1147 2223 quodam

334 2239 429 2304 buius
455 2239 577 2305 vocalis
607 2263 669 2306 usu
695 2239 731 2304 in
750 2237 854 2304 tertiis
875 2237 1053 2324 pluralibus
1074 2261 1146 2305 ver-

335 2341 447 2406 borum
467 2341 625 2426 personis.
671 2340 752 2409 Sunt
776 2361 853 2404 vero
879 2346 945 2405 tres
969 2338 1027 2404 isti
1051 2339 1146 2406 huius

329 2441 447 2512 ¹literae
474 2442 545 2507 soni
573 2449 720 2509 scemate
748 2439 972 2524 dignoscendi,
1003 2463 1044 2506 nc
1076 2463 1148 2506 cum

335 2543 510 2628 Aquitanis
537 2543 590 2609 vel
619 2544 724 2608 activa
750 2542 850 2608 verba
869 2540 986 2605 infiniti
1006 2543 1093 2606 modi
1113 2549 1148 2606 ut

337 2646 432 2707 aimer
448 2643 596 2728 (amare),
623 2645 729 2706 diener
743 2640 940 2727 (prandere),
956 2643 1065 2728 parler
1087 2643 1149 2726 (lo-

337 2746 417 2830 qui),
454 2731 508 2810 vel
534 2744 668 2832 pluralis
694 2744 816 2808 numeri
849 2729 922 2810 seu*
938 2743 1081 2823 nomina,
1114 2750 1150 2806 ut

338 2846 442 2912 tontes
458 2846 659 2930 (bonitates),
683 2866 742 2911 seu
755 2844 926 2930 participia
946 2843 1091 2928 passiva,
1113 2851 1149 2907 ut

337 2948 440 3012 tusses
463 2947 616 3032 (lassati),
647 2968 729 3032 quae
752 2945 858 3012 omnia
877 2966 936 3028 per
957 2965 975 3006 c
995 2943 1149 3025 clausum,

336 3072 402 3114 non
435 3058 539 3114 autem
571 3055 716 3135 apertum
749 3046 910 3114 efferenda
942 3053 1030 3128 sunt,
1063 3045 1148 3109 unde

336 3151 392 3216 isti
414 3152 485 3216 duri
508 3159 540 3216 et
559 3149 726 3216 Francicis
747 3149 891 3236 purgatis
915 3146 1045 3212 auribus
1065 3145 1151 3210 into·

337 3253 486 3319 lerabiles
515 3251 632 3338 rythmi
661 3274 681 3316 a
708 3251 902 3318 doctissimis
930 3248 1025 3343 etiam
1045 3247 1150 3333 pottis

337 3354 511 3441 Aquitanis
526 3352 681 3438 usurpati,
704 3353 820 3438 quibus
835 3354 919 3417 inter
932 3371 968 3416 sc
983 3346 1150 3414 conferunt

339 3453 479 3542 dispater
507 3464 539 3522 et
561 3454 700 3542 Jupiter,
728 3453 811 3519 biver
833 3463 865 3520 et
887 3455 1022 3530 arriver,
1039 3449 1149 3538 parler
