2650 4270
553 447 601 500 Eu.
638 446 678 500 Oi.
977 445 1018 510 53

208 612 240 668 et
249 602 404 688 Aquitani
414 601 591 680 interiores,
607 599 693 685 apud
703 621 784 685 quos
795 605 908 683 poetes
920 617 1017 680 soepe

206 704 355 769 invenias
369 702 452 768 falsa
472 693 704 780 ὃμοωτέλευτα
725 701 787 766 hac
808 698 1016 784 diphthong0,

206 813 242 869 ut
261 804 337 868 deur
360 813 392 869 et
407 802 483 883 dur,
512 823 704 888 engruveurc
726 809 757 866 et
769 801 899 887 figure,
923 798 1018 861 heure

207 915 240 972 et
260 915 380 968 nature.

271 1005 368 1087 Quod
391 1013 497 1070 autem
519 1003 655 1068 diximus
684 1002 723 1068 de
746 1000 941 1086 diphthongo
964 1022 1017 1079 au,

207 1117 257 1174 est
279 1106 375 1172 etiam
395 1107 430 1170 in
443 1105 507 1172 ista
519 1103 767 1185 obvervandum,
782 1125 898 1189 nempe
911 1100 1018 1168 vocali

205 1207 348 1294 proxime
360 1215 513 1292 sequente
523 1205 644 1270 nullum
655 1227 729 1270 esse
738 1204 813 1269 huic
822 1201 1019 1290 diphthongo

205 1310 328 1390 locum,
364 1308 422 1374 sed
454 1331 470 1370 v
504 1313 732 1372 consonantem
769 1327 841 1370 esse
886 1314 918 1369 et
949 1325 1021 1368 cum

206 1410 263 1475 ilia
301 1409 407 1474 vocali
444 1408 627 1487 cohaerere,
661 1415 696 1470 ut
727 1408 858 1480 reuerita
886 1402 1019 1485 (severi-

204 1514 268 1596 tas)
287 1520 421 1596 quatuor
434 1509 643 1594 syllabarum3
660 1509 814 1570 rece-oroi
822 1505 1018 1591 (recipiam),

205 1614 411 1697 operes-oroi,
434 1609 649 1697 (percipiam).

582 1761 636 1836 Oi.

270 1914 363 1980 Haeo
396 1912 611 2000 diphthongus
637 1912 746 1977 nativo
782 1933 839 1976 suo
868 1933 946 1976 sono
984 1910 1019 1974 id

206 2027 256 2084 est
279 2029 412 2102 utraque
435 2023 577 2099 correpte
598 2012 722 2099 prolata
735 2013 839 2079 vocali
853 2011 1018 2098 profertur,

205 2119 330 2204 quoties
345 2140 417 2183 oum
428 2116 484 2180 illa
498 2114 647 2190 cohaeret
660 2139 690 2196 n,
706 2123 741 2179 ut
755 2116 854 2177 moins
870 2113 1018 2198 (minus),

204 2215 1018 2303 moindre(minor),soin(sollicitudo)‚loir(longe)‚

204 2318 310 2383 beroia
319 2318 533 2401 (necessitas),
546 2319 674 2381 tesnioin
687 2317 816 2400 (testis),
828 2316 1018 2402 quibusdio-

205 2421 347 2486 tionibus
355 2419 505 2484 extremis
517 2417 842 2506 imperitenonnullig
853 2419 1017 2484 adiiciunt.

205 2519 263 2588 Sin
290 2521 409 2604 minus,
435 2520 469 2585 id
491 2529 541 2585 est
561 2519 624 2583 nisi
647 2542 666 2579 n
688 2517 805 2583 habeat
823 2520 1016 2604 adiunctum,

203 2644 268 2686 non
288 2622 422 2707 amplius
440 2619 637 2708 diphthongi,
656 2619 714 2684 sed
727 2619 925 2707 triphthongi
936 2644 1017 2688 sono

202 2722 442 2806 pronuntiatur,
468 2744 583 2808 nempe
605 2730 640 2786 ut
662 2724 724 2802 coi,
746 2730 778 2786 et
800 2721 1016 2808 diphthongus

202 2824 237 2884 ui
259 2845 317 2907 pro
340 2845 378 2886 ae
401 2823 470 2887 sive
496 2845 554 2909 pro
584 2845 601 2885 e
629 2830 749 2909 aperto,
776 2832 811 2886 ut
842 2823 888 2885 ἰοί
916 2823 1013 2908 (lex),

202 2923 266 2986 loix
275 2924 406 3009 (leges),
417 2926 483 2987 moi
487 2922 674 3009 (ego)‚moio
681 2923 841 3008 (mensis),
856 2927 905 2987 roi
918 2925 1016 3009 (rex),

202 3026 255 3087 soi
275 3024 352 3110 (se),
376 3027 421 3088 {oi
442 3024 518 3108 (tu),
539 3026 593 3087 voi
612 3022 747 3108 (video),
764 3046 843 3109 quas
859 3025 1017 3091 dictiones

200 3125 297 3211 vulgo
325 3126 443 3191 vitiose
476 3147 533 3211 per
557 3124 674 3190 falsum
695 3149 723 3210 y
751 3124 910 3192 Graecum
937 3127 1016 3192 scri-

200 3225 294 3307 bunt,
323 3236 358 3292 ut
388 3247 446 3292 suo
474 3227 545 3292 loco
573 3226 722 3292 diximus.
775 3225 882 3292 Huius
911 3237 1017 3292 autem

200 3325 390 3414 diphthongi
422 3327 623 3413 pinguiorem
656 3337 688 3393 et
724 3328 868 3394 latiorem
901 3349 1015 3393 sonum

198 3429 345 3493 nonnulli
382 3427 520 3494 vitantes
566 3437 753 3514 expungunt
786 3452 803 3492 o
843 3437 876 3494 et
912 3429 1015 3496 solam
