2650 4270
328 466 381 552 ί82
552 466 591 520 De
609 466 693 522 literis
711 469 917 544 quiescentibus.
952 471 982 526 Τ.

338 621 475 704 histoire,
504 621 624 708 legiste,
647 621 790 707 sophicis
811 631 842 689 et
863 623 988 690 similia.
1024 623 1152 712 Excipe

335 724 432 812 giste,
452 723 537 809 quod
552 723 668 788 dicitur
683 723 811 810 proprie
834 724 874 790 de
894 725 966 791 loco
988 727 1044 792 ubi
1067 725 1154 792 iacet

338 825 431 912 lepus
460 846 518 892 sen
544 825 642 892 cubili
670 825 800 912 leporis.
841 825 923 892 Item
950 827 1153 914 excipiuntur

339 947 450 992 omnes
471 926 631 992 secundae
645 947 803 1012 personae
824 928 965 1014 plurales
985 927 1153 1016 praeteriti

337 1026 472 1115 perfecti
505 1028 663 1114 simplicis
707 1027 892 1095 desinentes
922 1029 957 1094 in
992 1032 1082 1110 istos,
1115 1037 1151 1096 nt

329 1128 436 1214 fietus,
460 1132 577 1194 onr'stes
598 1138 631 1195 et
652 1129 781 1196 similia.

401 1229 657 1297 Praecedenteo
687 1231 838 1318 quiescit,
869 1239 904 1295 ut
927 1239 1020 1314 oster,
1046 1230 1148 1315 toste,

339 1340 433 1414 cocle,
462 1341 579 1414 nostre,
606 1341 720 1396 eostre.
763 1331 889 1417 Excipe
905 1341 1010 1418 poste,
1025 1341 1150 1419 poster,

334 1433 498 1520 postitlon,
525 1432 647 1516 octode,
670 1456 753 1520 quae
775 1442 826 1500 est
846 1433 973 1520 species
994 1441 1148 1500 texturae.

294 1593 295 1596 ,
337 1533 419 1601 Item
452 1536 589 1623 quiescit
619 1536 831 1622 praecedente
864 1552 915 1618 on,
948 1543 984 1599 ut
1015 1544 1150 1618 cuncter,

338 1646 471 1717 crouste,
490 1647 632 1725 gestelen.

400 1738 619 1804 Praecedente
655 1760 676 1801 u
712 1737 950 1826 pronuntietur,
987 1745 1022 1801 nt
1057 1738 1151 1820 iuste,

338 1841 456 1922 tostico,
480 1841 619 1939 iuctpter,
646 1849 760 1922 ruste,
788 1861 870 1926 quoe
896 1862 962 1904 vox
986 1846 1036 1904 est
1056 1847 1149 1903 vetus

341 1937 468 2006 Gallica
495 1947 527 2006 et
548 1941 709 2027 significet
732 1941 894 2008 hominem
914 1948 1033 2004 temere
1053 1961 1149 2004 ruen-
1186 2009 1188 2014 ,

339 2049 419 2126 tem,
441 2065 558 2129 vagum
580 2053 612 2109 et
631 2043 843 2110 temerarium.

673 2197 731 2272 De
764 2193 803 2270 T.

402 2348 496 2415 Haec
509 2349 602 2414 litera
614 2349 730 2415 finiens
756 2347 943 2430 dictionem,
968 2369 987 2410 a
1008 2365 1151 2433 quecun-

338 2471 402 2536 que
416 2459 611 2516 consonante
625 2449 760 2537 inoipiat
774 2471 912 2535 sequens
928 2445 1043 2528 dictio,
1066 2467 1151 2512 sem-

338 2575 397 2640 per
414 2552 569 2637 quiescit.
608 2549 673 2620 Sed
687 2550 862 2616 videndum
883 2548 1041 2636 inprimis,
1064 2555 1100 2611 ut
1121 2543 1151 2612 si
1191 2613 1201 2633 ,

340 2676 478 2740 sequens
495 2654 592 2720 dictio
614 2653 749 2739 incipiat
771 2675 790 2716 a
811 2651 932 2733 vocali,
954 2650 1036 2715 haec
1056 2648 1151 2714 litera

338 2757 583 2844 praecedentem
607 2754 724 2820 finiens
750 2775 823 2818 cum
848 2753 905 2818 illa
935 2751 1042 2819 vocali
1073 2771 1150 2816 con-

338 2858 502 2944 iungatur,
529 2856 622 2942 qnasi
642 2856 682 2921 ad
709 2856 797 2920 illam
819 2853 991 2920 dictionem
1012 2873 1151 2939 sequen-

337 2967 402 3024 tem
417 2958 598 3044 pertinens,
618 2965 654 3022 ut
675 2957 714 3020 ils
735 2964 809 3019 sont
829 2956 849 3018 ὰ
872 2957 945 3038 moi,
969 2954 1054 3040 quod
1075 2974 1151 3040 pro·

338 3060 548 3126 nuntiandum
573 3067 623 3126 est
649 3059 743 3145 qnasi
764 3057 916 3142 scriptum
938 3055 982 3121 sit
1002 3057 1014 3117 i
1033 3075 1092 3118 son
1116 3061 1150 3116 ta

338 3165 409 3226 moi.
453 3159 519 3230 Sed
538 3161 572 3226 in
595 3161 711 3248 copule
732 3168 771 3241 et,
794 3159 878 3224 sicut
899 3156 975 3222 alibi
998 3152 1150 3236 diximus,

340 3272 352 3327 t
379 3284 505 3350 semper
526 3261 676 3348 quiescit,
706 3261 775 3326 sive
797 3279 978 3350 consonans
1001 3257 1070 3323 sive
1090 3278 1150 3321 vo·

339 3365 418 3432 calis
439 3372 598 3451 sequatur.
