2650 4270
492 494 521 559 Q,
540 513 564 564 q.
599 495 630 560 R,
648 513 667 548 r.

537 699 619 773 Ra.

238 849 331 916 Haec
352 853 445 917 litera
475 853 543 918 sive
565 849 695 914 inchoet
720 847 789 913 sive
809 847 901 912 finiat
922 849 987 932 syl·

176 951 296 1033 labam,
329 955 439 1020 nativo
471 976 529 1020 suo
563 974 641 1017 sono
669 949 834 1036 profertur.
883 949 988 1016 Immo

178 1055 324 1140 quamvis
362 1055 404 1120 sit
436 1054 577 1119 omnium
612 1052 774 1117 literarum
813 1052 988 1138 asperrima

177 1153 313 1240 ideoque
337 1156 421 1242 apud
439 1155 607 1221 Hebraeos
629 1175 792 1238 nunquam
814 1152 987 1237 daghesse·

175 1263 236 1337 tur,
261 1266 292 1321 et
305 1257 494 1333 Francicam
515 1255 658 1340 linguam
679 1261 805 1318 constet
819 1254 987 1320 mollitiem

176 1358 447 1441 pronuntiationis
480 1357 514 1420 in
549 1356 661 1442 primis
694 1362 836 1440 captare,
878 1363 987 1420 tamen

176 1479 275 1542 quum
297 1459 489 1544 geminatur,
512 1457 633 1523 fortiter
655 1465 705 1522 est
726 1456 899 1539 efferenda,
923 1481 987 1522 una

174 1558 305 1642 quidem
336 1561 475 1646 priorem
513 1559 669 1644 syllabam
699 1557 848 1638 finiente,
888 1556 988 1622 altera

176 1681 253 1723 vero
278 1670 464 1745 sequentem
484 1660 664 1740 inchoante,
687 1668 721 1723 ut
742 1659 842 1738 barre,
866 1656 985 1741 beurre,

174 1782 298 1840 courre,
326 1783 418 1841 error,
440 1765 555 1844 ferrer,
574 1763 717 1844 fourrer,
744 1782 866 1847 quone,
888 1781 987 1823 verre.

173 1859 290 1945 Itaque
312 1863 490 1928 cavendum
513 1871 562 1927 est
584 1862 853 1942 Cenomanorum,
876 1858 987 1930 Pictor

176 1983 254 2026 num
270 1972 302 2028 ct
314 1962 584 2048 Letharingorum
604 1964 730 2044 vitium,
747 1962 802 2049 qui
824 1961 986 2046 duplicem

176 2072 211 2126 ut
234 2063 413 2148 simplicem
435 2064 615 2146 enuntiant,
640 2086 736 2149 quum
751 2073 859 2128 tamen
874 2072 986 2127 contra

173 2163 274 2228 iidem
298 2163 475 2230 Cenomani
498 2165 677 2251 simplicem
702 2174 738 2228 ut
760 2164 919 2250 duplicem
942 2164 987 2228 es-

174 2263 289 2346 ferant,
313 2273 349 2328 ut
360 2267 465 2349 snirre
480 2266 609 2348 (facere)
625 2261 656 2331 et
671 2268 772 2328 ooirre
787 2268 898 2346 (vere).
924 2263 987 2328 Pa·

174 2365 330 2430 risienses
360 2375 465 2432 autem
497 2389 536 2432 ac
558 2367 656 2431 multo
685 2366 780 2432 etiam
801 2366 904 2452 magis
926 2366 986 2431 Al-

173 2467 425 2533 tissiodorenses
441 2475 472 2532 et
482 2468 545 2532 mei
555 2467 681 2534 Vezelii
697 2468 876 2554 simplicem
890 2467 987 2533 etiam

172 2567 207 2630 in
231 2577 409 2650 evertunt,
437 2578 472 2634 ut
494 2572 614 2649 cousin,
644 2570 756 2652 Mania,
771 2591 863 2655 pere,
892 2592 987 2650 urere,

170 2668 339 2733 Theodoto
369 2693 427 2756 pro
461 2673 578 2752 courin,
619 2673 730 2750 Morte,
762 2694 854 2756 pere,
889 2693 982 2754 merc,

175 2768 351 2852 Theodoro,
369 2772 526 2856 quomodo
543 2772 638 2836 etiam
650 2771 787 2837 Romani
801 2771 984 2857 promiscue

171 2870 370 2957 scripsenmt
385 2871 576 2938 Valesius
592 2881 624 2938 et
637 2872 837 2954 Valerius,
859 2872 985 2937 honos

171 2980 203 3036 et
223 2971 363 3055 honor,
392 2982 425 3038 et
445 2972 522 3037 flos
546 2981 577 3038 et
598 2994 679 3037 mos
701 2974 899 3038 retinuerunt
926 2995 985 3059 pro

168 3073 244 3138 flor
266 3084 298 3139 et
318 3097 414 3154 mor,
436 3083 472 3137 ut
495 3096 533 3138 ex
548 3074 686 3159 obliquis
709 3074 827 3138 floris
851 3082 882 3137 et
903 3095 985 3137 mo-

169 3175 225 3238 ris
241 3186 381 3263 apparet.
419 3173 522 3238 Immo
540 3175 636 3241 etiarn
657 3184 783 3240 veteres
802 3173 985 3238 honosem

168 3299 225 3361 pro
241 3277 429 3343 honorem
444 3277 635 3357 scribebant,
659 3285 694 3339 ut
707 3275 824 3340 Festus
838 3283 983 3340 testatur.

170 3375 236 3442 Sed
253 3379 315 3445 hoc
332 3379 446 3445 vitium
462 3377 663 3444 inFrancica
674 3376 785 3461 lingua
795 3375 902 3438 nullus
912 3395 984 3439 mos

168 3490 308 3546 excusat.
