2650 4270
545 445 573 501 0·
609 445 639 500 D·
958 449 999 514 73

189 599 277 666 tione
298 598 516 687 praetermitti.
548 598 631 665 Item
653 607 726 664 unte
749 608 761 662 t
781 599 926 686 proxime
948 622 1000 667 se·

188 699 345 787 quens'in
365 700 430 765 fine
453 699 618 781 dictionis,
647 710 683 764 ut
695 700 763 783 jeci
784 700 924 784 (iectus),
946 700 1000 766 ob·

181 801 248 886 ject
265 801 461 885 (obiectum),
479 801 563 877 fciet
583 801 741 884 (sactum),
765 822 846 888 quae
867 803 1001 890 perinde

187 903 445 990 pronuntientur,
473 903 541 968 sesi
570 903 725 988 scriptum
754 912 841 970 esset
857 905 917 988 jet,
946 904 1000 970 ob·

180 1005 240 1088 jet,
259 1007 327 1090 soit
352 1012 412 1071 etc.
457 1003 514 1072 Sie
541 1003 635 1070 etiem
661 1004 843 1072 scribuntur
870 1014 902 1072 et
925 1029 999 1093 pro-

186 1106 373 1172 nuntientur
402 1107 573 1194 participia
598 1106 745 1193 passiva,
774 1118 810 1172 ut
834 1107 898 1172 dict
917 1109 1000 1182 (dio-

187 1205 280 1291 tum),
293 1207 378 1290 saict
393 1206 552 1292 (fectum),
572 1229 687 1295 nempe
709 1216 746 1273 ut
766 1208 1001 1295 distinguentur

58 1338 61 1346 ¹
189 1332 209 1375 e
238 1309 342 1376 tertiis
373 1309 521 1395 personis
554 1308 769 1394 singularibus
801 1307 847 1374 dit
878 1311 999 1397 (dicit),

179 1411 250 1496 fcit
282 1409 399 1494 (fecit).
454 1409 545 1476 Intra
580 1409 751 1476 dictionem
784 1420 890 1477 autem
919 1411 1001 1480 hoec
1054 1490 1059 1498 ,

193 1511 318 1598 syllaba
337 1520 367 1575 ct
386 1511 514 1596 integre
534 1511 764 1597 pronuntiatur,
787 1521 822 1576 ut
842 1522 911 1576 octe
932 1513 1002 1596 (eo-

188 1611 267 1697 tus),
291 1615 395 1676 action
417 1609 541 1695 (actio),
569 1612 652 1694 actis
669 1611 834 1699 (activus),
857 1615 1002 1699 affection

190 1711 357 1797 (effectio),
395 1712 570 1778 detractem
606 1701 818 1798 (detractor).
874 1714 1002 1802 Excipe

190 1817 313 1879 taieter
346 1815 512 1900 (tractare)
546 1837 617 1880 eum
650 1814 804 1880 derivatis
835 1824 868 1881 et
897 1814 1002 1880 dicton

189 1917 326 2005 (dictum
348 1917 417 1983 sive
440 1915 599 1982 sententia
619 1915 767 2000 iudicis),
789 1915 824 1980 in
846 1916 961 2001 quibus
983 1939 1001 1982 e

190 2019 337 2106 quiescit.
359 2017 492 2084 Finiens
511 2025 616 2083 eutem
628 2016 801 2083 dictionem
808 2014 889 2082 haee
899 2016 1001 2100 litere,

188 2141 397 2207 quaecunque
430 2118 485 2184 vel
511 2117 634 2183 vocalis
661 2118 715 2184 vel
742 2140 923 2184 consonans
950 2141 1002 2186 se·

187 2229 318 2308 quatur,
341 2220 466 2305 integre
485 2217 720 2304 pronuntietur,
742 2228 778 2284 ut
790 2219 826 2284 in
839 2218 890 2285 his
912 2220 1002 2286 voci·

186 2324 247 2390 bus
270 2320 354 2401 broc,
370 2319 457 2404 froc,
479 2337 544 2398 soc,
566 2341 628 2399 sec,
649 2341 706 2382 suc
729 2328 760 2384 et
782 2319 948 2386 similibus.

529 2470 586 2546 De
614 2471 662 2545 D.

253 2623 283 2687 D
305 2621 442 2709 quiescit
463 2620 497 2686 in
517 2621 579 2688 hac
600 2644 680 2689 vooe
695 2620 786 2708 pied,
815 2624 959 2709 quemvis
981 2649 1003 2692 e

189 2723 336 2790 Pieerdis
366 2722 561 2810 exprimetur
589 2723 682 2810 quasi
707 2747 766 2810 per
796 2733 808 2788 t
833 2726 1001 2810 ser-ibatur,

189 2825 274 2891 unde
300 2827 411 2912 pieton
449 2823 638 2911 (pedester).
691 2825 776 2890 Item
810 2826 947 2912 quiescit
979 2826 1003 2890 d

187 2929 281 2994 litera
300 2935 374 2992 unte
385 2926 407 3009 j
427 2935 669 3007 consonantem,
693 2935 728 2990 ut
742 2924 877 3015 arly'uger
899 2928 1001 3008 (ediu-

188 3029 318 3110 dioere),
351 3026 478 3111 oriy'urer
511 3026 653 3112 (adigere
679 3027 906 3110 iureiurando),
942 3026 1001 3090 ad-

180 3128 314 3216 journer
335 3129 434 3212 (diem
448 3129 579 3210 dicere),
602 3127 764 3210 atly'onsler
780 3129 922 3211 (addere)
939 3137 1000 3194 etc.

189 3251 260 3296 oum
281 3230 443 3297 derivatis.
476 3229 561 3296 Item
582 3238 656 3295 ente
677 3252 717 3311 m,
739 3237 775 3293 ut
802 3227 1002 3293 admonenter

188 3352 261 3397 eum
294 3331 456 3398 derivatis.
508 3329 632 3415 Excipe
662 3328 796 3392 admirer
820 3328 1000 3414 (admirari)

189 3453 261 3497 oum
288 3432 451 3499 derivatis.
499 3431 581 3497 item
609 3438 682 3496 ente
710 3454 727 3494 v
762 3439 999 3515 consonantem,
