2650 4270
335 455 376 522 66
539 456 578 512 De
595 457 680 512 literis
698 460 905 529 quiescentibus.

397 609 459 678 ΠΙ.
494 609 642 693 Quiescit
668 621 805 681 coeunte
836 613 940 681 vocali
966 615 1031 680 iet
1051 635 1073 676 n
1105 613 1149 680 sd

333 713 589 782 constituendam
623 715 779 802 syllabam
815 714 964 797 eumdem,
1003 723 1040 782 ut
1063 717 1148 801 pusii

333 812 469 901 (punis),
492 815 576 880 ainsi
590 815 678 900 (ica),
700 818 803 880 cuthei
823 817 997 902 (sancius),
1018 816 1054 882 in
1076 816 1147 904 qui·

332 915 394 982 bns
413 939 433 980 u
447 935 514 982 non
534 917 670 984 cuditur.
704 915 939 1004 Campanorum
960 940 1037 986 vero
1058 916 1148 984 istud

333 1024 384 1084 cst
414 1016 592 1102 proprium,
626 1019 712 1104 qnod
741 1020 775 1086 iu
800 1019 852 1088 his
878 1019 1045 1090 vocubulis
1071 1041 1146 1105 pro-

331 1118 481 1184 nuntient
515 1119 748 1207 diphthongum
781 1125 830 1204 oi,
867 1108 902 1188 id
929 1129 979 1188 est
1006 1142 1023 1186 e
1059 1121 1146 1205 quod

332 1229 475 1304 apertum
496 1221 700 1305 vocavimus,
728 1232 763 1288 nt
780 1247 860 1310 peu,
886 1245 971 1304 men,
999 1241 1144 1308 proquo
1212 1249 1217 1257 ·

333 1317 408 1385 Itali
434 1343 493 1406 per
518 1345 555 1403 u,
584 1344 656 1407 pan
686 1331 718 1388 et
744 1347 827 1390 mun.
884 1323 949 1392 Sed
976 1322 1005 1390 si
1027 1345 1047 1385 n
1070 1343 1145 1388 sese

331 1419 483 1507 adiunget
509 1423 656 1509 sequenti
677 1423 799 1507 vocsii,
827 1433 904 1490 tunc
926 1422 1143 1510 diphthongus

331 1523 365 1586 ui
383 1531 452 1590 tote
471 1525 706 1609 pronuntietur.
743 1523 799 1596 Sic
822 1523 959 1594 dicimus
979 1523 1014 1590 iu
1036 1523 1144 1588 ediec-

324 1623 399 1693 ·tivo
413 1625 591 1692 maseuino
613 1628 701 1708 cuin,
723 1627 816 1713 qnasi
837 1627 991 1712 scriptum
1012 1623 1056 1690 sit
1077 1625 1141 1706 oin,
1226 1649 1229 1654 Δ

333 1747 354 1788 α
372 1724 479 1791 vocali
501 1725 554 1792 vel
575 1749 707 1812 prorsus
729 1727 916 1814 quiescente
941 1726 995 1794 vel
1017 1724 1144 1793 exiliter

332 1825 500 1894 admodum
522 1837 673 1911 sonante,
701 1837 734 1898 st
754 1829 789 1896 in
808 1827 984 1896 foeminino
1006 1827 1143 1894 dicimus

333 1929 425 1993 coine
453 1936 484 1993 et
506 1927 653 1994 similiter
672 1931 795 1996 cerame
816 1927 971 2013 (serens),
1001 1927 1051 1998 sic
1070 1929 1143 1994 rain

332 2027 473 2112 (senus),
493 2029 529 2096 in
548 2029 721 2098 foeminino
743 2033 832 2096 coine
853 2030 976 2115 (seue).

576 2170 579 2176 ¹
667 2183 726 2260 De
753 2181 798 2257 Ε.

344 2418 345 2422 Ἰ
393 2333 425 2398 Ε
457 2335 596 2421 quiescit
627 2335 771 2404 similiter
801 2335 837 2402 iu
869 2331 1068 2420 diphthongo
1100 2332 1140 2414 ei,

330 2445 485 2522 sequente
512 2461 532 2501 n
558 2438 593 2504 in
608 2437 719 2504 eedem
734 2435 874 2522 syllaba,
896 2443 932 2500 ut
943 2435 1035 2521 plein
1057 2434 1140 2522 (ple-

328 2537 417 2620 nus),
437 2537 529 2624 quusi
547 2539 701 2625 scriptum
716 2536 851 2624 sitpiin3
874 2544 986 2606 contre
1005 2557 1082 2605 vero
1103 2535 1140 2604 iu

328 2637 500 2708 foeminino
541 2637 691 2708 exteritur
724 2641 750 2722 i;
777 2638 1021 2726 pronuntiemus
1053 2637 1139 2706 enim

330 2747 362 2806 et
383 2741 552 2808 scribimus
569 2740 675 2826 piene.

391 2840 436 2909 Π.
460 2841 627 2928 Superius
641 2841 890 2910 estheecliters
911 2838 1085 2922 circumito,
1108 2837 1139 2908 si

326 2944 408 3011 ratio
432 2943 504 3012 usui
527 2943 749 3026 dominerebrr,
773 2942 984 3028 expungenda
1009 2940 1044 3006 in
1065 2939 1138 3026 qui-

327 3046 464 3112 busdem
489 3045 667 3128 vocubulis,
695 3047 819 3110 ntroin
840 3042 972 3128 (sinus),
1003 3039 1138 3128 pecuare

327 3148 496 3234 (pingere),
516 3145 640 3210 coiudre
654 3145 820 3231 (cingere),
835 3147 954 3210 ceincre
967 3143 1138 3228 (vincere),

315 3247 447 3332 scindre
467 3248 625 3334 (fingere),
661 3247 795 3314 docente
819 3255 941 3333 etymo,
963 3254 1082 3314 temere
1104 3251 1138 3312 et

325 3371 383 3436 per
397 3351 531 3418 ebusum
545 3349 670 3416 literam
686 3371 703 3414 e
716 3348 751 3414 in
762 3347 843 3414 heec
857 3346 1014 3414 vocabule
1034 3345 1138 3431 irrep-

326 3473 419 3520 818885
