2650 4270
487 441 526 496 llo
544 443 703 497 accentibus.
954 445 995 512 83

231 645 290 722 De
315 647 515 722 Francicae
543 647 688 744 linguae
714 649 935 722 accentibus

246 796 362 863 Franci
379 797 487 864 nullos
504 806 655 862 accentus
678 807 804 880 notant,
827 822 889 865 nec
910 809 997 866 vete-

183 921 235 965 res
252 901 346 966 etiam
367 899 485 967 Graeci
507 899 676 980 notabant,
700 921 737 964 ao
759 923 801 965 ne
822 924 909 967 nunc
928 903 998 988 qui-

184 1002 257 1067 dem
273 1001 391 1067 Latini.
425 1000 489 1065 Est
510 999 608 1086 igitur
628 1023 699 1066 mos
720 1001 783 1067 iste
804 1025 823 1067 a
843 1027 999 1088 gramma-

183 1104 259 1170 ticis
277 1101 412 1170 Graecis
429 1101 662 1182 Hebraeorum,
684 1103 805 1188 opinor,
821 1104 998 1170 imitatione

186 1205 399 1290 excogitatus,
429 1205 569 1268 maximo
598 1211 683 1268 certe
712 1226 783 1268 cnm
809 1205 929 1288 fructu,
959 1230 1000 1272 ex

186 1329 248 1392 quo
266 1307 347 1372 disci
364 1329 383 1371 a
398 1305 576 1370 nutricibus
592 1304 667 1369 illae
682 1305 811 1390 linguae
827 1305 999 1390 desierunt,

187 1408 216 1474 si
256 1409 349 1475 modo
389 1427 485 1471 verus
524 1404 611 1471 illius
648 1407 888 1473 consuetudinis
921 1430 1000 1474 usus

186 1517 377 1576 servaretur.
415 1504 480 1574 Sed
496 1506 535 1570 de
551 1505 612 1572 hoo
626 1507 722 1592 longe
738 1509 875 1574 maximo
898 1510 1002 1575 abusu

188 1610 277 1676 alias.
317 1608 401 1677 Sunt
416 1608 472 1692 qui
487 1607 692 1691 contendant,
715 1608 750 1672 in
763 1608 920 1675 Francius
940 1611 1002 1675 lin-

187 1735 252 1798 gna
281 1711 405 1775 nullum
437 1732 510 1776 esse
543 1708 727 1774 accentibus
754 1709 870 1775 locum.
920 1710 1002 1778 Sunt

188 1822 299 1878 eontra
312 1813 367 1898 qui
388 1811 422 1876 in
443 1810 601 1877 Francius
619 1810 731 1896 lingua
750 1820 845 1878 tonos
866 1812 1001 1897 perinde

188 1924 224 1980 ut
252 1915 287 1979 in
315 1915 442 1982 Graeca
472 1912 583 1998 lingua
611 1912 816 1977 constituant.
860 1911 1000 2000 Magnus

188 2023 239 2082 est
252 2024 457 2101 utrorumque
479 2035 581 2094 error,
604 2012 689 2098 quod
710 2013 787 2080 mihi
808 2014 902 2081 facile
925 2037 1002 2082 con-

189 2139 337 2183 cessuros
375 2116 524 2196 arbitror,
567 2114 748 2198 quicunque
790 2137 883 2182 aures
926 2138 1001 2182 suas

189 2225 309 2284 attente
332 2215 559 2282 consuluerint.
592 2212 677 2279 Dico
699 2215 804 2301 igitur,
827 2215 1003 2282 Francicus

188 2320 332 2406 linguae,
355 2327 391 2382 ut
410 2325 442 2383 et
456 2316 601 2383 Graecae
623 2323 657 2380 et
669 2314 819 2397 Latinae,
843 2318 905 2383 duo
929 2340 1003 2384 esse

188 2429 347 2505 tempora,
368 2419 500 2504 longum
521 2439 634 2496 unum,
656 2415 789 2482 alterum
810 2420 922 2501 breve,
950 2418 1003 2484 iti·

191 2520 325 2604 demque
344 2529 411 2585 tres
426 2529 535 2600 tonos,
558 2540 675 2605 nempe
697 2530 838 2599 acutum,
861 2544 1002 2608 gravem,

191 2620 432 2702 circunflexum,
459 2644 524 2686 non
552 2621 596 2686 ita
616 2628 723 2687 tamen
744 2624 835 2689 utin
856 2622 921 2689 illis
942 2622 1004 2688 lin-

190 2723 264 2810 guis
280 2725 478 2790 observatos.
511 2725 644 2789 Acuunt
658 2723 744 2789 enim
765 2723 883 2792 Graeci
906 2724 1004 2811 sylla-

189 2828 249 2892 bas
266 2835 333 2891 tum
346 2824 461 2912 longas
476 2833 544 2890 tum
558 2826 687 2907 breves,
712 2833 744 2891 et
764 2826 899 2902 Latinos
920 2826 1005 2890 idem

190 2929 297 2994 facere
323 2951 439 3014 magno
466 2950 628 2995 consensu
655 2929 769 2994 volunt
795 2926 1004 3015 grammatici,

191 3031 307 3117 quibus
329 3030 424 3118 plane
445 3053 510 3096 non
533 3030 700 3096 assentior.
739 3028 805 3099 Sed
824 3030 886 3095 hac
909 3027 948 3092 de
969 3047 1005 3091 re

193 3131 283 3198 alias.
327 3131 412 3198 Illud
440 3140 546 3199 autem
572 3141 658 3198 certo
681 3133 829 3206 dixerim,
859 3130 907 3196 sio
929 3150 1006 3194 con·

191 3256 319 3300 currere
351 3235 386 3299 in
411 3233 570 3301 Franoioa
600 3235 712 3319 lingua
737 3245 849 3300 tonum
877 3236 1006 3294 acutum

193 3355 265 3400 eum
295 3344 438 3423 tempore
464 3339 576 3420 longo,
605 3334 754 3400 utnulla
781 3333 906 3421 syllaba
931 3352 1006 3416 pro-

197 3433 329 3500 ducatur
365 3460 446 3524 qnae
481 3437 592 3505 itidem
628 3458 693 3500 nou
729 3434 903 3515 attollatur,
945 3453 1007 3496 nec

821 3535 854 3590 6·
