2650 4270
317 431 362 500 72
567 427 606 484 De
623 429 708 484 literis
725 429 929 500 quiescentibus.

321 585 362 652 ab
384 581 537 651 Hebraea
562 601 643 649 voce
666 583 725 666 ab,
748 606 830 670 quae
852 581 1008 669 originem
1025 590 1131 665 uotst3

318 683 376 751 sed
403 681 572 750 Hebraeas
605 683 760 750 duntaxat
784 683 905 771 aliquot
930 704 1027 749 voces
1048 683 1138 765 finit,

317 793 354 852 nt
374 781 489 867 Jacob,
518 782 642 849 Nadab.
685 782 820 851 Finiens
842 791 947 850 autem
974 783 1133 871 syllabam

316 886 402 954 intra
431 886 534 974 ipsum
562 875 753 970 ¹dictionem,
788 907 950 971 nunquam
982 884 1133 953 scribitur

317 989 382 1054 nisi
408 988 555 1054 velante
576 1008 592 1050 a
615 986 765 1074 simplex,
787 998 823 1052 nt
844 985 954 1051 absent
974 987 1130 1070 (absens),

319 1087 471 1178 obsequce
500 1087 691 1174 (exequiae),
727 1097 759 1155 et
789 1098 865 1154 tnnc
890 1110 956 1154 non
982 1087 1130 1174 quiescit,

317 1190 371 1258 vel
405 1199 479 1257 ante
506 1211 552 1272 sc,
583 1199 616 1255 et
641 1200 718 1256 tunc
743 1191 966 1278 pronuntiatur
991 1189 1131 1277 quidem,

320 1290 379 1358 sed
410 1291 457 1357 ita
487 1300 524 1356 nt
556 1292 627 1358 eius
658 1292 770 1359 literae
807 1291 936 1358 siccitas
968 1290 1139 1376 mitigetur.

319 1400 471 1479 quantum
497 1392 569 1458 fieri
594 1401 715 1480 potest,
744 1401 779 1458 ut
805 1391 917 1456 obscur
943 1392 1129 1471 (obscurus)

319 1515 393 1560 oum
419 1493 587 1578 derivatis,
620 1495 754 1584 perinde
779 1516 863 1582 pene
886 1493 954 1559 sesi
975 1493 1132 1578 scriptum

319 1594 362 1661 sit
389 1617 491 1678 occur,
519 1595 572 1662 vel
602 1607 675 1663 ante
701 1606 743 1679 at,
770 1605 802 1662 et
821 1605 898 1662 tunc
918 1594 972 1664 vel
993 1591 1132 1679 quiescit

292 1695 294 1700 ’
318 1718 465 1784 prorsus,
481 1696 560 1762 utin
571 1695 622 1764 bis
640 1698 774 1764 vocibus
790 1695 910 1761 abstine
922 1693 1128 1777 (obstinatus)

319 1805 352 1864 et
363 1795 549 1861 obstinatiore
562 1798 776 1882 (obstinatio),
795 1821 877 1885 quae
887 1798 1130 1884 pronuntiamus

320 1900 431 1980 ostiae,
459 1901 637 1982 ostinotion,
671 1900 725 1966 vel
754 1909 909 1987 quantum
932 1897 1002 1964 fieri
1023 1903 1132 1984 potest

317 1996 451 2080 lenitur,
484 2008 521 2064 ut
553 1998 690 2066 abstenir
722 2002 918 2084 (abstinere),
953 1996 1131 2064 obstinenoe

317 2096 550 2184 (abstinentia),
589 2101 642 2167 vel
674 2109 749 2167 ante
773 2101 794 2185 j
820 2109 1061 2182 consonantem,
1094 2106 1131 2163 nt

319 2197 419 2282 object
450 2201 645 2285 (obiectum),
676 2211 707 2268 et
737 2212 815 2268 tuuc
840 2203 936 2290 pleno
962 2224 1020 2269 suo
1049 2221 1129 2267 sono

321 2299 458 2366 effertur.
502 2302 590 2369 Ante
618 2303 775 2389 digamma
796 2326 873 2370 vero
900 2303 1130 2390 aliquantulum

317 2400 444 2484 lenitur,
479 2412 515 2468 ut
546 2404 580 2468 in
615 2403 719 2468 obaier
751 2407 943 2488 (occurrere)
984 2405 1031 2471 sio
1062 2402 1131 2469 fere

319 2499 495 2585 efferendo,
531 2515 568 2569 ut
604 2505 632 2570 si
673 2505 866 2572 scriberetur
898 2509 992 2570 ocior.
1048 2503 1130 2570 Iube

318 2600 549 2669 hemistichion
575 2604 655 2670 illud
677 2605 960 2674 Gallico-latinum
993 2604 1137 2684 Omnia,

317 2702 423 2769 malo
449 2704 549 2788 viae,
582 2729 623 2770 on
649 2710 662 2768 i
687 2730 707 2770 n
735 2706 801 2770 mal
820 2707 916 2782 obvie.
960 2704 1129 2772 Postremo

319 2802 459 2889 quiescit
477 2805 511 2871 in
532 2809 770 2894 praepositione
791 2806 888 2871 anaba
911 2816 943 2874 et
964 2804 1131 2890 dessonbe,

319 2927 403 2992 quae
424 2907 669 2992 pronuntiantur
690 2930 767 2972 eous
790 2899 822 2974 et
843 2908 988 2974 deusone.

664 3061 722 3137 De
746 3059 782 3137 Ο.

386 3212 412 3272 C
436 3211 574 3299 quiescit
603 3220 676 3278 ante
699 3235 728 3299 q,
757 3222 793 3278 ut
813 3217 964 3301 aequeris,
991 3221 1132 3301 aequest,

319 3314 460 3399 aequiter
487 3321 520 3378 et
550 3313 692 3396 similia,¹
709 3313 744 3380 in
776 3315 891 3400 quibus
917 3315 978 3382 etsi
999 3322 1132 3402 propter

319 3419 449 3498 etymon
477 3413 640 3497 scribitur,
673 3415 777 3501 potuit
802 3425 907 3481 tamen
933 3418 1054 3504 optima
1078 3439 1132 3483 re·
