2650 4270
537 496 577 549 Ei.
614 497 663 550 1111.
968 500 1007 564 51

196 647 273 712 tinis
298 671 356 734 per
379 651 390 710 i
416 647 552 732 simplex
580 649 706 735 seriptis
735 649 894 728 deductis,
928 649 1010 715 haec
1050 689 1054 700 ·

198 749 414 835 diphthongus
438 750 594 814 scribatur
615 773 767 836 expresso
792 750 887 814 etiam
907 773 934 831 e,
952 751 1009 822 sed

197 873 299 936 usque
322 851 401 915 adeo
425 851 561 924 obscure
584 860 615 915 et
637 861 789 938 correpte,
813 861 848 914 ut
868 852 924 916 vix
940 851 1008 917 eius

199 974 296 1016 sonus
314 951 477 1032 sentiatur,
501 960 536 1014 ut
557 954 623 1014 rein
639 952 764 1035 (sinus),
788 951 911 1016 scindre
927 952 1007 1035 (cin-

197 1055 297 1136 gere),
323 1051 453 1136 scindre
475 1053 632 1138 (fingere),
668 1053 802 1140 pez'ndre
838 1054 1007 1139 (pingere),

197 1152 315 1216 teindre
337 1154 496 1238 (tingere),
522 1157 643 1217 oeincre
665 1156 819 1237 (vincere)
837 1178 910 1220 cum
925 1157 1008 1221 deri-

196 1255 288 1320 vatis.
326 1254 498 1318 Praeterea
519 1257 737 1321 observandae
761 1265 836 1322 sunt
850 1257 1006 1322 dictiones

198 1378 279 1441 quae
300 1356 428 1420 nonnisi
450 1378 508 1440 per
530 1349 683 1418 διάλυσιν
705 1359 887 1422 scribuntur
910 1369 942 1423 et
962 1359 1006 1424 ef-

196 1457 347 1537 feruntur,
370 1465 405 1519 ut
422 1460 547 1519 10110101
567 1458 742 1542 (reiterare)
759 1465 893 1545 quatuor
911 1460 1008 1544 sylla-

196 1558 307 1622 barum
322 1565 353 1620 et
369 1555 452 1619 cheir
467 1558 621 1639 (obedire)
638 1559 838 1643 trisyllabum
854 1582 924 1624 curn
941 1562 1008 1625 suis

198 1657 360 1722 derivatis
404 1657 552 1744 Denique
580 1668 652 1724 ante
675 1660 794 1746 duplex
815 1660 840 1722 11
861 1662 1009 1729 scribitur

202 1758 331 1843 quidem
355 1761 390 1839 ei,
408 1759 465 1822 sed
480 1762 491 1820 i
504 1760 689 1845 quiescente
711 1770 744 1826 et
765 1763 833 1826 solo
857 1786 874 1826 0
900 1772 1009 1848 aperto

198 1859 413 1944 pronuntiato,
437 1869 473 1923 ut
487 1861 568 1924 treill
606 1862 775 1946 (pergula),
799 1863 903 1926 traillis
920 1865 1008 1948 (oan-

200 1959 300 2040 oelli),
335 1959 476 2022 001110111,
510 1961 662 2046 (cornix),
687 1961 832 2027 corbeiae
860 1963 1007 2050 (corbis),

193 2061 288 2124 001110
312 2059 464 2146 (vigilia),
487 2061 592 2125 oeiller
613 2062 787 2149 (vigilare).

563 2215 635 2289 Eu.

255 2363 295 2428 In
305 2364 366 2429 hac
379 2365 574 2452 diphthongo
586 2376 700 2433 neutra
709 2369 831 2434 vocalis
845 2368 1006 2452 distinete,

194 2467 251 2531 sed
267 2489 365 2532 sonus
381 2467 510 2552 quidam
524 2491 565 2532 ex
580 2491 597 2530 0
616 2479 647 2533 et
666 2493 687 2530 u
705 2478 902 2556 temperatus
917 2471 1007 2536 audi-

192 2578 253 2650 tur,
277 2591 372 2654 quem
394 2578 425 2634 et
439 2568 574 2635 Graecis
595 2578 626 2634 et
640 2570 765 2636 Latinis
788 2573 933 2656 ignotum
952 2573 1007 2638 vix

192 2669 289 2735 liceat
307 2670 373 2734 ulla
388 2670 602 2757 descriptione
616 2673 796 2758 peregrinis
818 2673 1005 2759 exprimere,

193 2781 229 2836 ut
261 2769 343 2854 bcuf,
377 2795 464 2854 oeus,
496 2795 567 2853 cur,
590 2774 663 2854 jeu,
687 2775 748 2855 ica,
771 2776 853 2854 10101,
882 2775 1005 2856 ioijeua

193 2871 277 2936 olleo
296 2871 485 2955 (allodium),
496 2875 578 2959 neus
582 2873 740 2957 (novem),
749 2896 815 2959 peu
827 2875 1006 2960 (paucum),

192 2997 266 3038 seur
278 2975 404 3059 (soror),
421 2998 479 3039 ocu
492 2977 624 3059 (votum)
642 2984 672 3040 et
685 2976 810 3056 similia,
826 2975 861 3040 in
872 2999 1006 3062 quorum

191 3075 354 3140 nonnullis
376 3076 504 3141 Picardi
531 3076 641 3142 nescio
670 3100 732 3163 quo
759 3077 854 3141 modo
883 3077 1005 3141 elidunt

192 3199 218 3257 c,
244 3185 279 3240 ut
308 3199 405 3262 quum
431 3179 638 3263 pronuntiant
665 3177 718 3240 diu
747 3187 778 3242 et
806 3180 838 3239 iu
857 3199 915 3262 pro
932 3175 1005 3239 dicu

193 3287 225 3341 et
252 3280 310 3342 ieu.
355 3278 411 3345 Sic
438 3280 521 3366 apud
544 3302 599 3344 eos
625 3279 680 3365 qui
707 3280 818 3366 purius
847 3277 1003 3342 Francioe

190 3377 279 3464 loqui
301 3380 521 3446 existimantur
548 3403 626 3446 usus
649 3381 796 3462 obtinuit,
818 3390 853 3445 ut
875 3403 892 3443 0
915 3388 1002 3444 exte-

190 3489 292 3561 ratur,
320 3483 457 3568 primum
477 3483 512 3546 in
540 3483 732 3568 quibusdam
757 3481 943 3547 nominibus
971 3491 1003 3546 et

814 3583 850 3635 4*
