2650 4270
708 481 743 527 1v

319 648 512 735 exemplum,
541 671 706 735 quousque
723 648 897 715 abducatur
912 649 1042 733 erroris,
1059 651 1128 737 qui-

318 789 444 854 cunque
455 768 491 832 in
505 769 719 834 recentiorum
733 767 1010 854 grammaticorum
1025 769 1129 855 operi·

317 886 378 953 bus
393 885 494 972 prisci
511 886 667 952 sermonis
682 885 837 952 rationem
859 886 967 954 doceri
988 887 1127 953 confidit.

316 1005 430 1091 Neque
450 1004 552 1091 fugiet
571 1027 766 1092 quenquam,
789 1004 886 1070 etiam
908 1004 956 1070 eis
978 1005 1012 1070 in
1032 1008 1128 1072 rebus

316 1122 477 1188 interdum
517 1144 640 1189 errasse
673 1122 793 1189 Bezam
833 1144 915 1208 quae
947 1123 988 1188 ad
1018 1147 1129 1190 verum

317 1241 551 1308 dissertationis
571 1250 789 1328 argumentum
803 1241 936 1328 propius
958 1243 1127 1328 pertinent,

317 1368 352 1425 ut
372 1359 428 1427 ubi
450 1360 489 1426 de
513 1360 699 1427 accentibus
721 1369 851 1441 tractat3
875 1361 929 1426 ubi
951 1359 1128 1428 Carnutum

315 1480 478 1566 propriam
511 1477 751 1566 participiorum
782 1479 817 1543 in
851 1501 890 1542 cu
916 1479 1128 1546 desinentium

315 1596 608 1685 pronuntiationem
634 1595 855 1682 reprehendit,
881 1619 977 1683 quam
1004 1598 1058 1665 ille
1079 1599 1128 1664 vi·

314 1716 523 1783 tiosissimam
557 1715 652 1798 dicit,
680 1715 849 1801 genuinam
876 1738 937 1781 nos
964 1738 1037 1783 esse
1065 1717 1128 1782 sci-

315 1857 402 1916 mus3
419 1835 483 1917 ubi,
507 1856 691 1921 quanquam
712 1857 807 1900 unam
828 1842 952 1899 tantum
973 1835 1128 1921 syllabam

316 1952 458 2020 cuiusvis
474 1953 624 2019 vocabuli
640 1952 774 2039 produci
786 1961 881 2019 antea
891 1953 1010 2036 docuit,
1021 1961 1128 2020 temen

317 2071 493 2158 spondaica
507 2070 586 2136 dicit
599 2071 758 2137 vocabula
772 2072 945 2156 quaedam3
958 2072 1029 2154 ubi,
1052 2072 1129 2139 licet

314 2189 386 2276 ipse
401 2189 499 2266 buslo,
522 2189 579 2253 isle
595 2189 730 2271 scribat,
753 2211 925 2276 uunquam
940 2190 1128 2257 antecedere

315 2306 328 2370 l
352 2308 477 2375 literam
504 2316 609 2394 negat.
660 2307 874 2375 Nihilominus
903 2308 1128 2394 dignissimum

314 2425 393 2492 mihi
422 2425 551 2511 quidem
572 2425 677 2492 Bezae
705 2427 894 2513 opusculum
920 2427 1047 2493 videtur
1072 2428 1127 2514 qui

315 2568 334 2610 a
350 2544 482 2630 linguae
495 2543 757 2630 Francogallicae
771 2545 957 2612 vetustioris
974 2546 1129 2612 studiosis

314 2665 454 2750 legatur3
476 2687 581 2751 neque
599 2685 697 2749 quum
711 2662 935 2730 Ferdinandus
950 2663 1127 2732 Schneider

315 2785 355 2849 de
389 2783 625 2870 opportunitate
651 2805 755 2848 novoe
781 2781 948 2849 faciendas
977 2784 1126 2850 editionis

313 2925 366 2968 me
397 2901 627 2985 consuluisset,
656 2924 722 2966 non
747 2901 877 2966 laudare
898 2901 988 2988 potui
1011 2902 1127 2968 alacris

313 3021 374 3086 viri
389 3020 602 3108 propositum,
624 3027 775 3105 expertus
791 3020 923 3106 etipse,
945 3043 1040 3107 quam
1054 3041 1127 3086 rara

315 3164 373 3228 per
380 3139 591 3207 bibliothecas
597 3137 798 3225 reperiantur
808 3138 909 3204 libelli
921 3141 1124 3226 exemplaria.

315 3258 381 3327 Sed
417 3281 483 3324 nou
516 3257 710 3337 sufficiebat,
747 3256 987 3342 ,dissertationis
1016 3260 1124 3340 verba,

315 3377 422 3462 qualia
452 3376 539 3463 typis
565 3374 729 3441 Eustathii
763 3374 893 3461 Vignon
920 3373 1124 3442 Genevensis

315 3515 398 3560 anno
425 3491 673 3562 MDLXXXIV
708 3473 860 3579 expresse
891 3503 994 3578 erant,
1029 3516 1124 3580 quarn
