2650 4270
471 465 510 520 De
528 466 688 521 accentibus.
942 466 983 530 85

166 623 234 707 siet
247 620 396 705 (faceret)
415 628 446 684 et
460 618 536 704 frist
551 619 670 705 (esset)
693 619 812 684 eteris!
830 617 992 703 (haberet)

177 722 471 802 circunflectuntur,
494 730 530 786 ut
543 721 639 807 plane
653 721 821 808 pudendus
839 719 881 785 sit
903 741 995 783 error

175 827 248 889 tum
259 824 450 908 scriptorum
472 831 541 886 turn
561 821 831 909 typographorum
854 821 909 906 qui
929 819 992 885 hoc

178 924 350 990 discrimen
380 922 555 1008 scripturae
584 931 616 988 et
636 921 905 1009 pronuntiationis
928 944 996 986 non

178 1025 360 1090 observant.
400 1021 456 1090 Sic
479 1023 575 1088 etiam
598 1025 653 1105 risi,
680 1027 755 1107 rust,
791 1026 853 1088 trist
872 1023 997 1088 circun-

176 1126 347 1191 fleetuntur
384 1126 557 1212 itidemque
585 1125 689 1211 plats!
731 1125 879 1211 (placet),
908 1122 998 1210 ptrtrt

177 1227 343 1314 (plueret),
387 1227 503 1312 quibus
546 1236 750 1314 opponuntur
786 1233 932 1310 correpta
967 1232 998 1287 et

177 1329 361 1394 coniunctio
386 1328 576 1413 copulativa,
596 1327 690 1414 plaid
713 1325 892 1411 (contentio
913 1324 997 1389 iudi-

178 1429 294 1514 cialis),
314 1428 409 1515 plaut
431 1428 593 1516 (placuit),
613 1427 688 1516 plut
710 1427 832 1514 (pluit).
866 1425 996 1492 Itidem-

178 1553 239 1616 que
276 1529 557 1596 circumflectuntur
590 1532 618 1593 ie
651 1531 736 1593 metir
770 1529 923 1613 (morior),
962 1537 996 1591 iu

176 1634 279 1696 mettre
315 1631 489 1716 (moreris),
526 1630 740 1716 corripiuntur
772 1639 878 1695 autem
909 1651 997 1692 meur

178 1731 353 1818 (maturus)
396 1742 428 1797 ct
459 1754 562 1795 meurs
597 1731 751 1816 (maturi),
789 1729 996 1796 foemininum

178 1842 286 1900 autem
306 1837 412 1897 meare
433 1831 586 1917 (matura)
610 1842 660 1897 est
681 1831 889 1913 trochaicum,
913 1853 995 1915 quae

179 1958 241 2001 usu
270 1958 336 2000 non
363 1933 484 2019 regulis
514 1932 687 1998 discuntur.
740 1931 896 2000 Castores
919 1954 996 1997 vcro

183 2037 344 2122 syllabae,
367 2035 401 2098 id
425 2043 474 2100 est
488 2055 569 2118 quae
590 2056 696 2120 neque
719 2045 873 2100 acuuntur
894 2057 998 2119 neque

180 2137 475 2218 cmountlectuntur,
516 2144 630 2200 natura
669 2138 785 2202 breves
819 2146 999 2218 censentur,

180 2237 323 2323 exceptis
339 2235 589 2321 monosyllabis,
610 2258 693 2320 quae
708 2238 834 2322 quoties
850 2237 1000 2302 enclitica

180 2358 289 2402 secum
311 2335 454 2418 trahunt,
476 2337 708 2422 producuntur,
731 2347 766 2404 ut
781 2342 811 2401 si
824 2342 852 2400 ie
868 2336 902 2400 di
922 2338 997 2403 dac·

178 2438 279 2522 tylum
302 2447 396 2504 sonat
416 2464 502 2520 -vv,
533 2441 587 2523 qui
608 2447 655 2502 ert
681 2461 715 2501 ce
738 2438 996 2524 amphibrachum

180 2560 264 2619 υ-ν,
287 2560 350 2623 qua
378 2539 418 2604 de
446 2539 542 2604 rein
569 2539 737 2606 encliticis.
783 2539 864 2608 Sunt
892 2550 997 2606 autem

179 2635 327 2704 hocloco
343 2639 420 2704 mihi
437 2641 628 2706 admonendi
643 2640 816 2726 peregrini,
838 2641 996 2726 paucissi-

179 2759 248 2804 mus
267 2761 339 2805 esse
359 2741 474 2826 longas
494 2741 636 2827 syllabas
656 2743 691 2807 in
708 2741 867 2808 Francius
885 2742 996 2828 lingua

178 2861 256 2926 prae
297 2841 488 2907 innumerali
526 2844 670 2910 brevium
702 2843 925 2925 multitudine,
956 2865 995 2908 ac

178 2942 315 3027 proinde
330 2945 506 3010 verendum
519 2945 584 3011 illis
599 2966 673 3010 esse
687 2944 805 3030 potius,
821 2967 863 3010 ne
877 2945 994 3010 breves

177 3043 372 3128 producant,
396 3068 489 3131 quam
507 3069 548 3111 ne
563 3046 677 3131 longas
692 3045 880 3136 corripiant,
901 3067 995 3130 prae·

180 3144 293 3208 sertim
330 3146 385 3211 ubi
421 3147 488 3212 falli
524 3153 661 3234 possunt
696 3144 831 3211 Latinae
867 3146 996 3228 linguae

178 3245 373 3329 quantitate:
398 3249 446 3313 sic
462 3245 599 3332 exempli
615 3245 717 3330 gratia
730 3255 883 3328 natura,
905 3268 995 3311 vec·

177 3353 284 3428 ture,
307 3346 480 3434 fortuna,
503 3368 678 3437 persona
693 3355 725 3412 st
745 3345 861 3411 similia
879 3346 996 3412 Latine

177 3447 388 3531 penultimam
415 3452 611 3538 producunt,
641 3455 673 3510 at
693 3445 870 3513 Francicus
896 3470 995 3516 voces
