2650 4270
330 480 370 544 50
618 481 656 534 De
675 482 854 552 diphthongis.

328 635 412 699 hanc
444 633 673 720 diphthongum
711 659 753 698 ou
794 639 903 702 coiens
944 642 1145 726 pronuntiari

330 736 485 822 coeperit,
513 757 628 820 nempe
654 745 690 799 ut
720 742 835 817 ort-roi,
866 762 995 816 ‹ru-rue,
1035 766 1143 823 ‹ru-ra,

329 859 472 912 art-rone,
501 859 621 916 au-rez,
649 848 785 916 ort-roal,
813 862 911 925 quum
937 853 969 906 et
996 844 1142 912 infinitus

329 940 450 1020 modae,
468 961 560 1024 aquo
580 939 718 1003 futurum
734 940 898 1005 indicandi
913 943 999 1008 modi
1013 944 1144 1010 formari

329 1040 508 1120 consuevit,
543 1063 657 1127 nempe
690 1044 788 1116 avoir,
821 1051 853 1107 et
881 1043 987 1128 ipsum
1014 1055 1144 1132 etymon

294 1196 301 1209 .
327 1143 461 1236 Latinae
495 1143 660 1224 dictionis,
694 1143 861 1207 manifeste
894 1147 1088 1212 convincant
1122 1173 1141 1212 υ

327 1254 555 1309 consonantem
570 1268 643 1310 esse
662 1245 697 1308 in
718 1244 779 1309 hoc
793 1253 860 1310 toto
875 1249 983 1328 verbo,
996 1249 1031 1312 in
1047 1271 1143 1334 quam

328 1346 344 1408 b
372 1346 464 1412 litera
484 1348 543 1412 fuit
567 1354 696 1426 mutata,
726 1348 808 1410 sicut
838 1370 862 1432 p
897 1358 1016 1414 mutata
1046 1350 1143 1416 etiam

329 1457 378 1513 est
399 1448 434 1511 in
455 1447 589 1513 eandem
610 1458 838 1514 consonantem
859 1449 893 1513 in
915 1451 1013 1515 verbo
1036 1451 1143 1515 reci-

327 1572 432 1636 pere,
455 1553 602 1628 receuoir,
623 1551 707 1615 unde
723 1551 888 1615 deducitur
902 1550 1041 1615 futurum
1055 1575 1142 1614 rece-

328 1655 405 1713 orai,
447 1651 561 1736 Itaque
582 1675 647 1716 non
669 1652 800 1716 dubium
823 1661 880 1732 est,
905 1651 982 1737 quin
1003 1652 1141 1717 maiores

327 1754 428 1818 nostri
459 1753 701 1839 pronuntiarent
727 1756 841 1832 a-orai,
875 1774 997 1832 c-oros,
1032 1760 1064 1817 et
1093 1753 1143 1818 sic

327 1855 480 1941 deinceps
507 1863 543 1917 ut
572 1853 646 1918 Itali
670 1854 829 1936 bavero,
857 1855 1038 1935 haverai,
1071 1854 1141 1918 ha-

325 1955 1139 2037 vera,haverem0,haverete,haveranno.

325 2055 415 2122 Usus
442 2067 546 2122 autem
577 2066 690 2143 postea
723 2057 871 2136 obtinuit,
901 2064 936 2119 ut
969 2056 1083 2121 extrito
1117 2080 1141 2119 u

326 2158 390 2222 dici
418 2159 559 2245 coeperit
585 2162 664 2240 arai,
705 2179 791 2237 arae,
826 2180 895 2234 ara,
924 2179 1030 2237 ovone,
1055 2180 1140 2237 arez,

326 2271 428 2338 oront,
443 2262 528 2346 quod
544 2261 671 2346 quidem
690 2259 737 2323 illi
752 2282 810 2344 per
825 2258 1025 2323 manifestam
1038 2258 1139 2323 insci-

323 2364 400 2428 tiam
414 2362 561 2427 invectae
581 2360 834 2448 pronuntiationi
858 2361 1103 2445 anteposuerim.

692 2512 754 2588 Et.

386 2667 478 2733 Haec
493 2667 707 2753 diphthongus
721 2688 787 2730 non
801 2664 957 2752 profertur
976 2665 1040 2730 nisi
1059 2688 1137 2732 mox

324 2778 478 2855 sequente
493 2793 523 2847 n,
545 2777 577 2832 et
590 2768 636 2832 ita
656 2767 889 2852 pronuntiatur,
913 2776 949 2831 ut
970 2768 1137 2853 paululum

322 2893 453 2957 prorsus
470 2871 509 2935 ab
532 2873 544 2932 i
564 2869 702 2955 simplici
727 2868 862 2948 differat,
885 2872 1050 2955 utgueine
1063 2869 1137 2954 (va-

323 2973 422 3057 gina),
434 2970 521 3056 plaia
533 2969 689 3056 (plenus),
706 2970 797 3035 euius
809 2978 916 3034 tamen
927 2969 1136 3036 foemininum

317 3074 414 3160 plene
449 3095 527 3137 usus
556 3071 692 3136 obtinuit
721 3079 757 3135 ut
786 3070 911 3155 absque
939 3073 951 3131 i
978 3069 1136 3136 scribatur

322 3186 355 3239 et
376 3175 537 3255 efferatur,
559 3173 705 3238 Picardis
728 3172 890 3256 exceptis,
915 3172 979 3257 qui,
1001 3180 1036 3236 ut
1059 3182 1136 3237 sunt

321 3276 489 3341 vetustatis
511 3285 656 3354 tenaces,
687 3273 832 3338 scribunt
854 3282 885 3338 et
906 3272 1030 3358 integro
1053 3295 1133 3338 sono

319 3377 526 3462 pronuntiant
538 3375 657 3462 plaiae.
693 3374 784 3439 Idem
803 3383 909 3438 autem
924 3396 1001 3439 usus
1018 3374 1133 3456 effecit,

320 3485 356 3541 ut
376 3478 409 3541 in
430 3477 595 3544 Francicis
615 3499 681 3540 non
695 3475 808 3562 paucis
826 3475 1020 3544 dictionibus
1037 3475 1134 3541 aLa·
