2650 4270
516 432 545 488 F.
580 432 612 488 G.
648 431 681 488 H.
966 431 1005 496 75

196 586 397 673 digammatis
435 585 567 667 Gallici,
606 607 721 671 nempe
753 608 782 666 o,
816 592 881 649 tam
913 582 1005 648 initio

194 688 385 771 dictionum,
417 711 512 775 qnam
538 689 631 753 intra
646 688 736 773 ipsas
764 685 937 766 dictiones,
971 693 1006 749 ut

196 792 272 870 uiae,
293 799 398 871 uat‘oe,
415 813 522 878 greve,
546 789 645 870 breve,
669 811 774 852 ueuce.

535 943 593 1017 De
625 940 668 1017 G.

260 1092 290 1158 6
318 1094 455 1180 quiescit
480 1104 553 1160 ante
575 1117 595 1156 n
620 1092 716 1158 molle
742 1098 776 1155 ut
794 1113 921 1179 guguer
942 1089 1006 1174 (lu-

195 1194 304 1280 crari).
337 1195 426 1262 Usus
450 1204 558 1261 tamen
581 1194 730 1275 obtinuit,
753 1203 788 1257 ut
809 1190 1009 1276 excipiantur

197 1296 367 1381 quaedam,
395 1305 431 1360 ut
451 1299 542 1382 signe
564 1294 722 1380 (signum)
745 1317 826 1391 curn¹
845 1293 1007 1374 derivatis,

197 1404 232 1460 nt
242 1399 352 1484 signer
363 1397 530 1482 (signare),
542 1401 684 1484 resigner
696 1396 897 1480 (resignare),
913 1415 1010 1480 regne

196 1499 358 1582 (regnum)
389 1509 421 1564 et
450 1522 563 1586 regner
590 1501 758 1584 (regnare),
791 1498 826 1560 in
848 1495 1010 1582 quibusg

198 1598 335 1683 quiescit
362 1610 395 1665 et
422 1625 442 1663 u
469 1601 578 1666 nativo
607 1623 666 1667 suo
695 1623 773 1666 sono
802 1607 835 1663 et
861 1619 928 1660 non
953 1597 1008 1663 illo

197 1699 286 1764 molli
306 1699 448 1783 effertur,
472 1703 565 1788 quasi
585 1701 739 1787 scriptum
760 1699 803 1764 sit
815 1701 889 1779 ciue,
912 1700 1007 1782 siner,

198 1801 326 1880 retiner,
359 1824 442 1884 rene,
472 1826 571 1871 rener.
614 1799 711 1880 Quod
738 1810 845 1865 autem
865 1799 1009 1864 nonnulli

198 1898 335 1986 imperiti
355 1903 438 1970 hanc
452 1904 574 1969 literam
590 1902 734 1968 scribunt
746 1901 781 1966 in
802 1901 853 1967 his
874 1900 1009 1967 vocibus

197 2023 267 2090 nug
288 2001 411 2089 (unus),
435 2007 590 2090 iecmciug
619 2003 746 2085 (testis),
774 2005 869 2089 soiug
895 2003 1008 2084 (cura),

198 2101 330 2192 decciug
351 2106 468 2192 (opus),
498 2105 614 2171 vitiose
635 2103 792 2169 scribitur.
826 2105 910 2169 Nam
925 2104 1010 2189 quod

197 2204 232 2270 in
253 2207 405 2272 derivatis
421 2209 611 2292 tesmcigner
626 2203 772 2285 (testari),
795 2208 924 2292 suigrzer
941 2209 1010 2284 (cc-

197 2329 266 2372 ram
284 2307 424 2390 habere),
448 2305 602 2395 bosogast
623 2305 793 2390 (laborare)
820 2305 1012 2372 adscribitur

196 2431 232 2492 g,
253 2407 287 2472 id
307 2409 344 2473 fit
357 2416 487 2495 propter
501 2432 522 2470 a
543 2406 651 2489 molle,
676 2430 713 2472 ac
734 2407 867 2494 proinde
888 2408 923 2472 in
944 2407 1009 2474 illis

197 2505 392 2573 thematibus
406 2509 513 2574 nullus
535 2517 584 2574 est
605 2509 635 2575 ei
656 2510 756 2576 locus.
789 2509 891 2575 Immo
914 2509 1010 2574 etiam

198 2627 266 2670 non
293 2607 403 2674 debuit
424 2610 616 2700 etymologia
638 2611 773 2694 efficere,
796 2620 831 2676 ut
853 2609 1010 2676 scribatur

200 2711 379 2793 cognoietre
401 2719 432 2776 et
447 2715 688 2800 cogneiscnuce,
712 2721 747 2776 ut
763 2711 840 2778 alibi
861 2711 1009 2776 diximus.

199 2804 357 2874 Scribitur
385 2821 490 2878 autem
515 2813 627 2880 merito
658 2822 690 2878 et
716 2813 854 2899 quiescit
874 2813 909 2877 in
928 2834 1009 2878 voce

198 2908 333 2998 bereng,
365 2935 423 2999 pro
445 2905 650 2996 halece,'a
677 2936 739 3001 quo
767 2913 927 2978 derivatur
954 2913 1010 2976 ha-

198 3033 330 3100 rengere
352 3022 384 3080 et
404 3014 598 3104 berengerio.

536 3168 594 3243 De
620 3167 669 3242 H.

260 3319 480 3406 Aspirationis
508 3317 586 3385 nota
606 3318 640 3384 in
662 3318 796 3384 vocibus
819 3313 956 3382 Graecis
978 3324 1012 3379 et

198 3417 323 3488 Latinis
351 3420 501 3508 aspiratis
534 3419 625 3486 etin
651 3417 840 3484 Francicam
858 3415 1011 3500 ,linguam
