2650 4270
490 467 660 533 baffia
940 473 979 535 m

172 619 979 706 optimusetoptumuS,MaximusetMaxu-

170 745 265 803 mus,
280 745 345 787 non
360 722 415 810 illo
431 722 543 806 pingui
557 744 637 787 sono
653 745 715 806 quo
730 721 866 787 Romani
888 743 980 786 suum

171 845 201 895 u,
225 830 256 886 et
278 821 395 888 Graeci
417 823 609 888 vetustiores
641 845 732 886 suurn
754 845 770 885 o
792 817 912 903 μικρὸν
936 823 980 886 ef-

168 921 325 1005 ferebant,
355 924 413 988 sed
435 924 533 988 altero
556 923 612 987 illo
633 923 723 987 tenui
744 923 928 988 scribebant
949 933 981 988 et

170 1024 429 1110 pronuntiabant.
473 1025 626 1091 Germani
647 1035 817 1110 propterea
837 1025 922 1090 hanc
941 1025 981 1088 li-

169 1133 269 1189 teram
295 1126 400 1190 solent
426 1151 445 1188 u
469 1127 641 1208 Gallicum,
671 1127 709 1190 ab
738 1126 794 1190 illo
822 1126 979 1191 crassiore

170 1228 256 1311 quod
290 1226 377 1293 Galli
404 1252 462 1314 per
494 1252 534 1292 ou
569 1227 798 1312 diphthongum
827 1227 978 1309 scribunt,

170 1327 355 1393 distinctum
382 1331 557 1415 appellare;
593 1339 624 1394 et
652 1329 789 1393 alitera
815 1351 835 1388 n
856 1328 980 1393 insuia

169 1428 300 1494 minutis
309 1429 544 1496 characteribus
555 1431 615 1496 hae
625 1429 775 1514 imposita
784 1430 981 1496 notadistin·

169 1538 277 1614 gaunt,
300 1537 331 1598 a.

233 1630 404 1698 Caeterum
436 1632 553 1698 Franci
588 1633 722 1700 Latinos
759 1633 980 1720 grammaticos

168 1733 296 1817 sequuti
328 1734 369 1798 ad
401 1732 485 1798 hanc
515 1735 639 1800 literam
674 1736 851 1801 retulerunt
886 1735 981 1799 etiam

167 1834 295 1900 Aeolici
317 1835 517 1919 digammatis
540 1859 667 1918 sonum,
699 1838 746 1903 sic
766 1836 874 1902 vocati
896 1835 982 1922 qnod

167 1957 187 1998 a
207 1935 284 2000 solis
301 1934 496 2002 Graecorum
511 1939 700 2023 populorum
714 1937 873 2004 Aeolibus
889 1960 981 2002 usur·

165 2045 311 2122 paretur,
336 2037 478 2103 medium
504 2038 656 2104 videlicet
682 2040 766 2105 inter
793 2038 831 2102 ba
855 2048 886 2103 et
900 2038 981 2125 pha,

168 2137 251 2203 sicut
276 2137 371 2204 hodie
398 2137 508 2203 Latini
532 2141 739 2222 pronuntiant
759 2141 895 2227 primam
916 2139 982 2225 syl-

165 2239 272 2306 labam
285 2241 319 2305 in
333 2239 447 2320 vado,
459 2246 588 2321 vetus,
601 2241 696 2323 vita,
712 2243 817 2323 volo,
833 2242 977 2308 vultus.

165 2340 207 2407 In
227 2341 322 2408 huius
345 2349 451 2407 autem
464 2341 575 2406 literae
589 2343 849 2426 pronuntiatione
863 2365 980 2409 caven-

167 2442 244 2508 dnm
255 2451 305 2509 est
313 2452 382 2507 tum
388 2441 575 2508 Vasconum
585 2443 698 2508 vitium
709 2445 764 2529 qui
775 2443 791 2507 b
802 2467 861 2530 pro
873 2468 891 2508 v
904 2444 979 2509 effe-

165 2552 249 2626 runt,
272 2542 377 2608 utbin
398 2545 545 2630 provin,
569 2542 664 2608 bache
685 2568 743 2631 pro
767 2545 877 2622 nacte,
900 2544 991 2610 beau

165 2667 226 2730 pro
248 2667 337 2722 naeu,
370 2653 403 2711 et
418 2652 528 2712 contra
551 2667 569 2707 c
591 2668 649 2730 pro
672 2644 705 2722 b,
733 2647 788 2732 qui
803 2670 891 2713 error
904 2671 980 2734 pas·

167 2745 229 2812 aim
249 2745 284 2809 in
297 2747 459 2812 veteribus
479 2746 705 2832 manuscriptis
724 2747 815 2814 libris
831 2750 978 2834 occurrit,

165 2856 235 2912 tum
257 2847 352 2914 etiam
373 2849 509 2915 alterum
526 2846 697 2914 Germanis
719 2851 892 2935 proprium,
916 2874 979 2937 quo

165 2948 250 3015 hanc
272 2959 504 3016 consonantem
524 2971 582 3035 pro
602 2949 647 3035 pt
669 2950 738 3016 sive
751 2952 784 3034 f,
813 2960 853 3016 et
869 2961 980 3018 contra

165 3074 183 3114 o
204 3067 262 3137 pro
271 3050 319 3136 pt
335 3051 438 3133 aives
448 3060 619 3137 usurpant,
637 3060 672 3115 ut
686 3053 741 3138 qui
755 3075 814 3138 pro
829 3053 977 3136 vinum,

165 3152 269 3235 vivo,
293 3153 459 3235 vitulus,
482 3173 603 3219 vacca
619 3153 826 3238 pronuntient
846 3155 977 3239 finum,

165 3252 255 3336 fifo,
278 3255 433 3335 situlus,
449 3254 573 3335 facea,
593 3262 625 3319 et
639 3263 749 3319 contra
760 3277 818 3340 pro
832 3255 978 3321 fallere

166 3355 315 3420 vallare
327 3365 359 3422 et
369 3358 502 3438 similia3
517 3355 574 3441 qui
587 3357 745 3421 maximus
758 3379 844 3421 error
860 3365 978 3441 quanto

166 3464 216 3522 est
226 3456 307 3542 ipsis
323 3456 521 3543 familiarior,
538 3465 626 3522 tanto
645 3458 828 3543 diligentius
848 3466 897 3522 est
911 3457 978 3526 illia

791 3557 826 3610 2·
