<?xml version="1.0" encoding="UTF-8"?>
<!DOCTYPE html PUBLIC "-//W3C//DTD XHTML 1.0 Transitional//EN"
    "http://www.w3.org/TR/xhtml1/DTD/xhtml1-transitional.dtd">
<html xmlns="http://www.w3.org/1999/xhtml" xml:lang="en" lang="en">
 <head>
  <title>
</title>
<meta http-equiv="Content-Type" content="text/html;charset=utf-8" />
  <meta name='ocr-system' content='tesseract 3.04.00' />
  <meta name='ocr-capabilities' content='ocr_page ocr_carea ocr_par ocr_line ocrx_word'/>
</head>
<body>
  <div class='ocr_page' id='page_1' title='image "./defrancicaeling00toblgoog_0030.png"; bbox 0 0 2650 4270; ppageno 0'>
   <div class='ocr_carea' id='block_1_1' title="bbox 507 407 800 480">
    <p class='ocr_par' dir='ltr' id='par_1_1' title="bbox 507 407 800 480">
     <span class='ocr_line' id='line_1_1' title="bbox 507 407 800 480; baseline 0 -20"><span class='ocrx_word' id='word_1_1' title='bbox 507 408 597 477; x_wconf 87' lang='lat' dir='ltr'>1,i‚j.</span> <span class='ocrx_word' id='word_1_2' title='bbox 619 407 648 471; x_wconf 91' lang='grc' dir='ltr'>Ο,</span> <span class='ocrx_word' id='word_1_3' title='bbox 668 423 691 464; x_wconf 90' lang='lat' dir='ltr'>o.</span> <span class='ocrx_word' id='word_1_4' title='bbox 799 475 800 480; x_wconf 7' lang='grc' dir='ltr'>ἵ</span> 
     </span>
    </p>
   </div>
   <div class='ocr_carea' id='block_1_2' title="bbox 189 611 1003 2166">
    <p class='ocr_par' dir='ltr' id='par_1_2' title="bbox 545 611 654 710">
     <span class='ocr_line' id='line_1_2' title="bbox 545 611 654 710; baseline -0.046 -24"><span class='ocrx_word' id='word_1_5' title='bbox 545 612 571 685; x_wconf 83' lang='grc' dir='ltr'><em>Ι</em></span> <span class='ocrx_word' id='word_1_6' title='bbox 591 611 607 685; x_wconf 75' lang='lat' dir='ltr'>i</span> <span class='ocrx_word' id='word_1_7' title='bbox 623 613 654 710; x_wconf 82' lang='lat' dir='ltr'>j.</span> 
     </span>
    </p>

    <p class='ocr_par' dir='ltr' id='par_1_3' title="bbox 189 746 1003 2166">
     <span class='ocr_line' id='line_1_3' title="bbox 254 746 1003 849; baseline -0.001 -20"><span class='ocrx_word' id='word_1_8' title='bbox 254 763 347 829; x_wconf 87' lang='lat' dir='ltr'>Haec</span> <span class='ocrx_word' id='word_1_9' title='bbox 368 746 462 828; x_wconf 85' lang='lat' dir='ltr'>litera</span> <span class='ocrx_word' id='word_1_10' title='bbox 490 770 525 826; x_wconf 89' lang='lat' dir='ltr'>ut</span> <span class='ocrx_word' id='word_1_11' title='bbox 553 763 638 849; x_wconf 90' lang='lat' dir='ltr'>apud</span> <span class='ocrx_word' id='word_1_12' title='bbox 664 761 831 828; x_wconf 85' lang='lat' dir='ltr'>Hebraeos</span> <span class='ocrx_word' id='word_1_13' title='bbox 861 770 893 827; x_wconf 90' lang='lat' dir='ltr'>et</span> <span class='ocrx_word' id='word_1_14' title='bbox 913 762 1003 828; x_wconf 86' lang='lat' dir='ltr'>Lati·</span> 
     </span>
     <span class='ocr_line' id='line_1_4' title="bbox 192 863 999 949; baseline -0.002 -19"><span class='ocrx_word' id='word_1_15' title='bbox 192 887 260 946; x_wconf 83' lang='lat' dir='ltr'>nos,</span> <span class='ocrx_word' id='word_1_16' title='bbox 285 865 332 929; x_wconf 90' lang='lat' dir='ltr'>sic</span> <span class='ocrx_word' id='word_1_17' title='bbox 354 863 592 949; x_wconf 88' lang='lat' dir='ltr'>apudFrancos</span> <span class='ocrx_word' id='word_1_18' title='bbox 614 863 774 928; x_wconf 89' lang='lat' dir='ltr'>interdum</span> <span class='ocrx_word' id='word_1_19' title='bbox 796 863 918 928; x_wconf 87' lang='lat' dir='ltr'>vocalis</span> <span class='ocrx_word' id='word_1_20' title='bbox 941 871 999 946; x_wconf 82' lang='lat' dir='ltr'>est,</span> 
     </span>
     <span class='ocr_line' id='line_1_5' title="bbox 191 963 1003 1049; baseline 0 -19"><span class='ocrx_word' id='word_1_21' title='bbox 191 966 349 1030; x_wconf 87' lang='lat' dir='ltr'>interdum</span> <span class='ocrx_word' id='word_1_22' title='bbox 371 987 566 1045; x_wconf 81' lang='lat' dir='ltr'>consonans,</span> <span class='ocrx_word' id='word_1_23' title='bbox 591 964 735 1049; x_wconf 84' lang='lat' dir='ltr'>quamvis</span> <span class='ocrx_word' id='word_1_24' title='bbox 757 964 846 1029; x_wconf 87' lang='lat' dir='ltr'>illam</span> <span class='ocrx_word' id='word_1_25' title='bbox 860 963 1003 1030; x_wconf 79' lang='lat' dir='ltr'>Hebraei</span> 
     </span>
     <span class='ocr_line' id='line_1_6' title="bbox 193 1067 1003 1150; baseline -0.001 -19"><span class='ocrx_word' id='word_1_26' title='bbox 193 1074 265 1132; x_wconf 88' lang='lat' dir='ltr'>ante</span> <span class='ocrx_word' id='word_1_27' title='bbox 286 1073 414 1150; x_wconf 84' lang='lat' dir='ltr'>reperta</span> <span class='ocrx_word' id='word_1_28' title='bbox 434 1074 554 1150; x_wconf 85' lang='lat' dir='ltr'>puncta</span> <span class='ocrx_word' id='word_1_29' title='bbox 576 1087 657 1150; x_wconf 87' lang='lat' dir='ltr'>quae</span> <span class='ocrx_word' id='word_1_30' title='bbox 679 1074 809 1146; x_wconf 83' lang='lat' dir='ltr'>vocant,</span> <span class='ocrx_word' id='word_1_31' title='bbox 832 1089 897 1130; x_wconf 91' lang='lat' dir='ltr'>non</span> <span class='ocrx_word' id='word_1_32' title='bbox 919 1067 1003 1130; x_wconf 89' lang='lat' dir='ltr'>inter</span> 
     </span>
     <span class='ocr_line' id='line_1_7' title="bbox 191 1166 1002 1252; baseline -0.001 -19"><span class='ocrx_word' id='word_1_33' title='bbox 191 1169 330 1247; x_wconf 85' lang='lat' dir='ltr'>vocales,</span> <span class='ocrx_word' id='word_1_34' title='bbox 356 1167 412 1230; x_wconf 90' lang='lat' dir='ltr'>sed</span> <span class='ocrx_word' id='word_1_35' title='bbox 433 1167 517 1231; x_wconf 88' lang='lat' dir='ltr'>inter</span> <span class='ocrx_word' id='word_1_36' title='bbox 533 1166 694 1252; x_wconf 88' lang='lat' dir='ltr'>palatinas</span> <span class='ocrx_word' id='word_1_37' title='bbox 709 1174 922 1232; x_wconf 78' lang='lat' dir='ltr'>consonantes</span> <span class='ocrx_word' id='word_1_38' title='bbox 936 1191 1002 1232; x_wconf 92' lang='lat' dir='ltr'>non</span> 
     </span>
     <span class='ocr_line' id='line_1_8' title="bbox 191 1265 1003 1354; baseline 0.002 -22"><span class='ocrx_word' id='word_1_39' title='bbox 191 1278 310 1335; x_wconf 88' lang='lat' dir='ltr'>temere</span> <span class='ocrx_word' id='word_1_40' title='bbox 332 1266 562 1332; x_wconf 77' lang='lat' dir='ltr'>recensuerint.</span> <span class='ocrx_word' id='word_1_41' title='bbox 606 1265 775 1332; x_wconf 76' lang='lat' dir='ltr'>Caeterum</span> <span class='ocrx_word' id='word_1_42' title='bbox 802 1291 897 1354; x_wconf 89' lang='lat' dir='ltr'>quum</span> <span class='ocrx_word' id='word_1_43' title='bbox 922 1269 1003 1335; x_wconf 88' lang='lat' dir='ltr'>haec</span> 
     </span>
     <span class='ocr_line' id='line_1_9' title="bbox 193 1367 1003 1448; baseline -0.001 -13"><span class='ocrx_word' id='word_1_44' title='bbox 193 1371 286 1435; x_wconf 86' lang='lat' dir='ltr'>litera</span> <span class='ocrx_word' id='word_1_45' title='bbox 298 1368 421 1434; x_wconf 83' lang='lat' dir='ltr'>vocalis</span> <span class='ocrx_word' id='word_1_46' title='bbox 438 1375 495 1448; x_wconf 82' lang='lat' dir='ltr'>est,</span> <span class='ocrx_word' id='word_1_47' title='bbox 516 1367 658 1431; x_wconf 84' lang='lat' dir='ltr'>nativum</span> <span class='ocrx_word' id='word_1_48' title='bbox 678 1368 768 1432; x_wconf 89' lang='lat' dir='ltr'>illum</span> <span class='ocrx_word' id='word_1_49' title='bbox 781 1369 1003 1434; x_wconf 83' lang='lat' dir='ltr'>tenuissimum</span> 
     </span>
     <span class='ocr_line' id='line_1_10' title="bbox 194 1468 1001 1554; baseline 0 -18"><span class='ocrx_word' id='word_1_50' title='bbox 194 1494 307 1536; x_wconf 91' lang='lat' dir='ltr'>sonum</span> <span class='ocrx_word' id='word_1_51' title='bbox 348 1468 466 1533; x_wconf 80' lang='lat' dir='ltr'>retinet</span> <span class='ocrx_word' id='word_1_52' title='bbox 501 1468 636 1532; x_wconf 86' lang='lat' dir='ltr'>caeteris</span> <span class='ocrx_word' id='word_1_53' title='bbox 679 1469 797 1554; x_wconf 88' lang='lat' dir='ltr'>linguis</span> <span class='ocrx_word' id='word_1_54' title='bbox 841 1469 1001 1536; x_wconf 88' lang='lat' dir='ltr'>usitatum.</span> 
     </span>
     <span class='ocr_line' id='line_1_11' title="bbox 191 1570 1001 1656; baseline 0.002 -20"><span class='ocrx_word' id='word_1_55' title='bbox 191 1571 300 1654; x_wconf 81' lang='lat' dir='ltr'>Quum</span> <span class='ocrx_word' id='word_1_56' title='bbox 315 1578 420 1636; x_wconf 86' lang='lat' dir='ltr'>autem</span> <span class='ocrx_word' id='word_1_57' title='bbox 436 1576 485 1634; x_wconf 86' lang='lat' dir='ltr'>est</span> <span class='ocrx_word' id='word_1_58' title='bbox 499 1590 689 1651; x_wconf 81' lang='lat' dir='ltr'>consonans,</span> <span class='ocrx_word' id='word_1_59' title='bbox 707 1571 791 1635; x_wconf 88' lang='lat' dir='ltr'>idem</span> <span class='ocrx_word' id='word_1_60' title='bbox 806 1570 893 1636; x_wconf 83' lang='lat' dir='ltr'>valet</span> <span class='ocrx_word' id='word_1_61' title='bbox 906 1580 1001 1656; x_wconf 90' lang='lat' dir='ltr'>atque</span> 
     </span>
     <span class='ocr_line' id='line_1_12' title="bbox 189 1668 1001 1763; baseline 0 -25"><span class='ocrx_word' id='word_1_62' title='bbox 189 1695 322 1763; x_wconf 84' lang='lat' dir='ltr'>gnunc</span> <span class='ocrx_word' id='word_1_63' title='bbox 350 1673 431 1738; x_wconf 89' lang='lat' dir='ltr'>solet</span> <span class='ocrx_word' id='word_1_64' title='bbox 456 1669 491 1732; x_wconf 91' lang='lat' dir='ltr'>in</span> <span class='ocrx_word' id='word_1_65' title='bbox 519 1668 645 1735; x_wconf 88' lang='lat' dir='ltr'>Latinis</span> <span class='ocrx_word' id='word_1_66' title='bbox 666 1672 738 1736; x_wconf 90' lang='lat' dir='ltr'>istis</span> <span class='ocrx_word' id='word_1_67' title='bbox 760 1673 893 1737; x_wconf 87' lang='lat' dir='ltr'>vocibus</span> <span class='ocrx_word' id='word_1_68' title='bbox 915 1672 1001 1759; x_wconf 88' lang='lat' dir='ltr'>lege</span> 
     </span>
     <span class='ocr_line' id='line_1_13' title="bbox 193 1769 1001 1860; baseline 0 -20"><span class='ocrx_word' id='word_1_69' title='bbox 193 1775 315 1860; x_wconf 88' lang='lat' dir='ltr'>etlegi</span> <span class='ocrx_word' id='word_1_70' title='bbox 327 1769 508 1857; x_wconf 86' lang='lat' dir='ltr'>(etquidem</span> <span class='ocrx_word' id='word_1_71' title='bbox 515 1770 647 1857; x_wconf 77' lang='lat' dir='ltr'>vitiose)</span> <span class='ocrx_word' id='word_1_72' title='bbox 658 1773 865 1860; x_wconf 85' lang='lat' dir='ltr'>pronuntiari.</span> <span class='ocrx_word' id='word_1_73' title='bbox 887 1773 1001 1860; x_wconf 84' lang='lat' dir='ltr'>Neque</span> 
     </span>
     <span class='ocr_line' id='line_1_14' title="bbox 191 1875 1001 1961; baseline 0.002 -21"><span class='ocrx_word' id='word_1_74' title='bbox 191 1876 269 1940; x_wconf 91' lang='lat' dir='ltr'>mihi</span> <span class='ocrx_word' id='word_1_75' title='bbox 291 1875 441 1961; x_wconf 90' lang='lat' dir='ltr'>displicet</span> <span class='ocrx_word' id='word_1_76' title='bbox 463 1896 571 1938; x_wconf 88' lang='lat' dir='ltr'>eorum</span> <span class='ocrx_word' id='word_1_77' title='bbox 597 1884 809 1940; x_wconf 89' lang='lat' dir='ltr'>commentum</span> <span class='ocrx_word' id='word_1_78' title='bbox 836 1875 891 1961; x_wconf 89' lang='lat' dir='ltr'>qui</span> <span class='ocrx_word' id='word_1_79' title='bbox 918 1876 1001 1943; x_wconf 90' lang='lat' dir='ltr'>hanc</span> 
     </span>
     <span class='ocr_line' id='line_1_15' title="bbox 192 1975 1000 2062; baseline 0.002 -20"><span class='ocrx_word' id='word_1_80' title='bbox 192 1984 422 2042; x_wconf 82' lang='lat' dir='ltr'>consonantem</span> <span class='ocrx_word' id='word_1_81' title='bbox 444 1999 463 2039; x_wconf 89' lang='lat' dir='ltr'>a</span> <span class='ocrx_word' id='word_1_82' title='bbox 483 1975 602 2055; x_wconf 81' lang='lat' dir='ltr'>vocali,</span> <span class='ocrx_word' id='word_1_83' title='bbox 629 1975 778 2041; x_wconf 84' lang='lat' dir='ltr'>inferiore</span> <span class='ocrx_word' id='word_1_84' title='bbox 800 1976 887 2041; x_wconf 92' lang='lat' dir='ltr'>illius</span> <span class='ocrx_word' id='word_1_85' title='bbox 910 1988 1000 2062; x_wconf 85' lang='lat' dir='ltr'>parte</span> 
     </span>
     <span class='ocr_line' id='line_1_16' title="bbox 190 2077 1000 2166; baseline 0.002 -23"><span class='ocrx_word' id='word_1_86' title='bbox 190 2079 348 2166; x_wconf 86' lang='lat' dir='ltr'>producta</span> <span class='ocrx_word' id='word_1_87' title='bbox 362 2084 394 2141; x_wconf 89' lang='lat' dir='ltr'>et</span> <span class='ocrx_word' id='word_1_88' title='bbox 406 2077 493 2141; x_wconf 91' lang='lat' dir='ltr'>hami</span> <span class='ocrx_word' id='word_1_89' title='bbox 509 2077 609 2141; x_wconf 86' lang='lat' dir='ltr'>instar</span> <span class='ocrx_word' id='word_1_90' title='bbox 623 2097 765 2158; x_wconf 81' lang='lat' dir='ltr'>recurva,</span> <span class='ocrx_word' id='word_1_91' title='bbox 791 2078 1000 2163; x_wconf 85' lang='lat' dir='ltr'>distinguunt,</span> 
     </span>
    </p>
   </div>
   <div class='ocr_carea' id='block_1_3' title="bbox 190 2177 1000 2264">
    <p class='ocr_par' dir='ltr' id='par_1_4' title="bbox 190 2177 1000 2264">
     <span class='ocr_line' id='line_1_17' title="bbox 190 2177 1000 2264; baseline 0 -18"><span class='ocrx_word' id='word_1_92' title='bbox 190 2181 238 2246; x_wconf 88' lang='lat' dir='ltr'>sic</span> <span class='ocrx_word' id='word_1_93' title='bbox 263 2180 411 2245; x_wconf 89' lang='lat' dir='ltr'>nimirum</span> <span class='ocrx_word' id='word_1_94' title='bbox 443 2177 529 2242; x_wconf 87' lang='lat' dir='ltr'>illam</span> <span class='ocrx_word' id='word_1_95' title='bbox 560 2186 788 2243; x_wconf 88' lang='lat' dir='ltr'>consonantem</span> <span class='ocrx_word' id='word_1_96' title='bbox 819 2179 1000 2264; x_wconf 81' lang='lat' dir='ltr'>pingentes,</span> 
     </span>
    </p>
   </div>
   <div class='ocr_carea' id='block_1_4' title="bbox 181 2279 464 2368">
    <p class='ocr_par' dir='ltr' id='par_1_5' title="bbox 181 2279 464 2368">
     <span class='ocr_line' id='line_1_18' title="bbox 181 2279 464 2368; baseline 0 -24"><span class='ocrx_word' id='word_1_97' title='bbox 181 2279 464 2368; x_wconf 52' lang='lat' dir='ltr'>fflssffiffiffl</span> 
     </span>
    </p>
   </div>
   <div class='ocr_carea' id='block_1_5' title="bbox 551 2429 644 2521">
    <p class='ocr_par' dir='ltr' id='par_1_6' title="bbox 551 2429 644 2521">
     <span class='ocr_line' id='line_1_19' title="bbox 551 2429 644 2521; baseline -0.011 -15"><span class='ocrx_word' id='word_1_98' title='bbox 551 2429 591 2521; x_wconf 82' lang='lat' dir='ltr'>O,</span> <span class='ocrx_word' id='word_1_99' title='bbox 612 2457 644 2506; x_wconf 92' lang='lat' dir='ltr'>o.</span> 
     </span>
    </p>
   </div>
   <div class='ocr_carea' id='block_1_6' title="bbox 121 2582 1002 3371">
    <p class='ocr_par' dir='ltr' id='par_1_7' title="bbox 121 2582 1002 3371">
     <span class='ocr_line' id='line_1_20' title="bbox 217 2582 1000 2668; baseline 0.003 -19"><span class='ocrx_word' id='word_1_100' title='bbox 217 2622 220 2627; x_wconf 95' lang='lat'><em>·</em></span> <span class='ocrx_word' id='word_1_101' title='bbox 253 2583 346 2649; x_wconf 90' lang='lat' dir='ltr'>Haec</span> <span class='ocrx_word' id='word_1_102' title='bbox 378 2583 501 2649; x_wconf 85' lang='lat' dir='ltr'>vocalis</span> <span class='ocrx_word' id='word_1_103' title='bbox 534 2583 569 2646; x_wconf 90' lang='lat' dir='ltr'>in</span> <span class='ocrx_word' id='word_1_104' title='bbox 601 2582 673 2668; x_wconf 85' lang='lat' dir='ltr'>ipsa</span> <span class='ocrx_word' id='word_1_105' title='bbox 709 2582 808 2668; x_wconf 85' lang='lat' dir='ltr'>palati</span> <span class='ocrx_word' id='word_1_106' title='bbox 840 2587 1000 2651; x_wconf 85' lang='lat' dir='ltr'>testudine</span> 
     </span>
     <span class='ocr_line' id='line_1_21' title="bbox 121 2683 1001 2772; baseline 0.002 -22"><span class='ocrx_word' id='word_1_107' title='bbox 121 2707 123 2712; x_wconf 80' lang='grc'><strong>’</strong></span> <span class='ocrx_word' id='word_1_108' title='bbox 192 2685 285 2772; x_wconf 86' lang='lat' dir='ltr'>quasi</span> <span class='ocrx_word' id='word_1_109' title='bbox 306 2684 384 2750; x_wconf 91' lang='lat' dir='ltr'>echo</span> <span class='ocrx_word' id='word_1_110' title='bbox 408 2683 563 2769; x_wconf 87' lang='lat' dir='ltr'>quaedam</span> <span class='ocrx_word' id='word_1_111' title='bbox 582 2691 721 2764; x_wconf 71' lang='lat' dir='ltr'>resonat</span> <span class='ocrx_word' id='word_1_112' title='bbox 743 2684 849 2750; x_wconf 88' lang='lat' dir='ltr'>minus</span> <span class='ocrx_word' id='word_1_113' title='bbox 873 2687 1001 2772; x_wconf 91' lang='lat' dir='ltr'>quidem</span> 
     </span>
     <span class='ocr_line' id='line_1_22' title="bbox 193 2785 1001 2872; baseline -0.001 -20"><span class='ocrx_word' id='word_1_114' title='bbox 193 2788 277 2852; x_wconf 85' lang='lat' dir='ltr'>clare</span> <span class='ocrx_word' id='word_1_115' title='bbox 300 2807 394 2872; x_wconf 87' lang='lat' dir='ltr'>quam</span> <span class='ocrx_word' id='word_1_116' title='bbox 416 2807 446 2860; x_wconf 74' lang='lat' dir='ltr'>u,</span> <span class='ocrx_word' id='word_1_117' title='bbox 468 2806 534 2848; x_wconf 91' lang='lat' dir='ltr'>non</span> <span class='ocrx_word' id='word_1_118' title='bbox 554 2791 662 2850; x_wconf 91' lang='lat' dir='ltr'>tamen</span> <span class='ocrx_word' id='word_1_119' title='bbox 682 2785 728 2848; x_wconf 89' lang='lat' dir='ltr'>ita</span> <span class='ocrx_word' id='word_1_120' title='bbox 750 2785 884 2850; x_wconf 87' lang='lat' dir='ltr'>obscure</span> <span class='ocrx_word' id='word_1_121' title='bbox 906 2796 941 2850; x_wconf 88' lang='lat' dir='ltr'>ut</span> <span class='ocrx_word' id='word_1_122' title='bbox 961 2811 1001 2851; x_wconf 90' lang='lat' dir='ltr'>ou</span> 
     </span>
     <span class='ocr_line' id='line_1_23' title="bbox 191 2884 1002 2975; baseline -0.002 -21"><span class='ocrx_word' id='word_1_123' title='bbox 191 2887 422 2975; x_wconf 81' lang='lat' dir='ltr'>diphthongus,</span> <span class='ocrx_word' id='word_1_124' title='bbox 450 2908 514 2971; x_wconf 87' lang='lat' dir='ltr'>qua</span> <span class='ocrx_word' id='word_1_125' title='bbox 533 2885 568 2949; x_wconf 90' lang='lat' dir='ltr'>in</span> <span class='ocrx_word' id='word_1_126' title='bbox 588 2908 623 2949; x_wconf 88' lang='lat' dir='ltr'>re</span> <span class='ocrx_word' id='word_1_127' title='bbox 646 2909 665 2950; x_wconf 89' lang='lat' dir='ltr'>a</span> <span class='ocrx_word' id='word_1_128' title='bbox 686 2884 941 2953; x_wconf 85' lang='lat' dir='ltr'>Bituricensibus</span> <span class='ocrx_word' id='word_1_129' title='bbox 970 2897 1002 2952; x_wconf 91' lang='lat' dir='ltr'>et</span> 
     </span>
     <span class='ocr_line' id='line_1_24' title="bbox 189 2987 1000 3074; baseline -0.004 -19"><span class='ocrx_word' id='word_1_130' title='bbox 189 2988 460 3074; x_wconf 85' lang='lat' dir='ltr'>Lugdunensibus</span> <span class='ocrx_word' id='word_1_131' title='bbox 487 2987 632 3072; x_wconf 84' lang='lat' dir='ltr'>aliisque-</span> <span class='ocrx_word' id='word_1_132' title='bbox 648 3009 713 3051; x_wconf 94' lang='lat' dir='ltr'>non</span> <span class='ocrx_word' id='word_1_133' title='bbox 734 2988 846 3073; x_wconf 85' lang='lat' dir='ltr'>paucis</span> <span class='ocrx_word' id='word_1_134' title='bbox 871 2988 1000 3074; x_wconf 91' lang='lat' dir='ltr'>populis</span> 
     </span>
     <span class='ocr_line' id='line_1_25' title="bbox 190 3088 1001 3176; baseline -0.004 -22"><span class='ocrx_word' id='word_1_135' title='bbox 190 3098 356 3175; x_wconf 86' lang='lat' dir='ltr'>peccatur,</span> <span class='ocrx_word' id='word_1_136' title='bbox 394 3089 450 3174; x_wconf 89' lang='lat' dir='ltr'>qui</span> <span class='ocrx_word' id='word_1_137' title='bbox 482 3112 539 3176; x_wconf 90' lang='lat' dir='ltr'>pro</span> <span class='ocrx_word' id='word_1_138' title='bbox 574 3097 680 3152; x_wconf 75' lang='lat' dir='ltr'>nostre</span> <span class='ocrx_word' id='word_1_139' title='bbox 713 3088 862 3173; x_wconf 82' lang='lat' dir='ltr'>(noster),</span> <span class='ocrx_word' id='word_1_140' title='bbox 896 3097 1001 3152; x_wconf 79' lang='lat' dir='ltr'>vostre</span> 
     </span>
     <span class='ocr_line' id='line_1_26' title="bbox 192 3189 1000 3276; baseline -0.006 -19"><span class='ocrx_word' id='word_1_141' title='bbox 192 3191 338 3276; x_wconf 81' lang='lat' dir='ltr'>(vester),</span> <span class='ocrx_word' id='word_1_142' title='bbox 355 3189 385 3253; x_wconf 83' lang='lat' dir='ltr'>le</span> <span class='ocrx_word' id='word_1_143' title='bbox 400 3189 459 3252; x_wconf 80' lang='lat' dir='ltr'>dos</span> <span class='ocrx_word' id='word_1_144' title='bbox 475 3190 633 3275; x_wconf 88' lang='lat' dir='ltr'>(dorsum)</span> <span class='ocrx_word' id='word_1_145' title='bbox 645 3189 852 3274; x_wconf 88' lang='lat' dir='ltr'>pronuntiant</span> <span class='ocrx_word' id='word_1_146' title='bbox 863 3196 1000 3271; x_wconf 78' lang='lat' dir='ltr'>acastre,</span> 
     </span>
     <span class='ocr_line' id='line_1_27' title="bbox 190 3288 1000 3371; baseline 0 -16"><span class='ocrx_word' id='word_1_147' title='bbox 190 3302 325 3368; x_wconf 74' lang='lat' dir='ltr'>acastre,</span> <span class='ocrx_word' id='word_1_148' title='bbox 355 3290 386 3355; x_wconf 88' lang='lat' dir='ltr'>le</span> <span class='ocrx_word' id='word_1_149' title='bbox 413 3291 504 3358; x_wconf 68' lang='lat' dir='ltr'>(Icus.</span> <span class='ocrx_word' id='word_1_150' title='bbox 551 3289 716 3371; x_wconf 81' lang='lat' dir='ltr'>Quasdam</span> <span class='ocrx_word' id='word_1_151' title='bbox 742 3300 848 3355; x_wconf 85' lang='lat' dir='ltr'>tamen</span> <span class='ocrx_word' id='word_1_152' title='bbox 880 3288 1000 3355; x_wconf 89' lang='lat' dir='ltr'>similes</span> 
     </span>
    </p>
   </div>
   <div class='ocr_carea' id='block_1_7' title="bbox 190 3388 1002 3543">
    <p class='ocr_par' dir='ltr' id='par_1_8' title="bbox 190 3388 1002 3543">
     <span class='ocr_line' id='line_1_28' title="bbox 190 3388 1002 3478; baseline -0.004 -20"><span class='ocrx_word' id='word_1_153' title='bbox 190 3415 286 3461; x_wconf 83' lang='lat' dir='ltr'>voces</span> <span class='ocrx_word' id='word_1_154' title='bbox 309 3416 387 3460; x_wconf 92' lang='lat' dir='ltr'>usus</span> <span class='ocrx_word' id='word_1_155' title='bbox 410 3392 547 3458; x_wconf 86' lang='lat' dir='ltr'>obtinuit</span> <span class='ocrx_word' id='word_1_156' title='bbox 565 3399 600 3454; x_wconf 90' lang='lat' dir='ltr'>ut</span> <span class='ocrx_word' id='word_1_157' title='bbox 613 3392 659 3457; x_wconf 86' lang='lat' dir='ltr'>ita</span> <span class='ocrx_word' id='word_1_158' title='bbox 671 3391 878 3478; x_wconf 85' lang='lat' dir='ltr'>proferamus,</span> <span class='ocrx_word' id='word_1_159' title='bbox 900 3388 1002 3456; x_wconf 83' lang='lat' dir='ltr'>veluti</span> 
     </span>
     <span class='ocr_line' id='line_1_29' title="bbox 834 3496 849 3543; baseline 0 0"><span class='ocrx_word' id='word_1_160' title='bbox 834 3496 849 3543; x_wconf 81' lang='lat' dir='ltr'>n</span> 
     </span>
    </p>
   </div>
   <div class='ocr_carea' id='block_1_8' title="bbox 0 0 1330 4270">
    <p class='ocr_par' dir='ltr' id='par_1_9' title="bbox 0 0 1330 4270">
     <span class='ocr_line' id='line_1_30' title="bbox 0 0 1330 4270; baseline 0 1"><span class='ocrx_word' id='word_1_161' title='bbox 0 0 1330 4270; x_wconf 95' lang='lat' dir='ltr'> </span> 
     </span>
    </p>
   </div>
  </div>
 </body>
</html>
