2650 4270
580 485 613 540 Δ,
962 485 1004 550 65

192 641 372 707 seculorum
385 639 563 706 barbariem
581 661 676 726 quam
688 638 855 704 rationem.
871 683 872 688 η
891 635 1005 724 Itaque

191 739 354 808 fatendum
381 748 431 807 est
456 740 573 806 multas
599 739 696 824 hodie
717 739 751 804 in
772 737 901 806 Gallico
925 737 1005 805 sori-

192 841 298 909 bendo
332 864 477 908 sermone
508 841 618 908 literas
654 841 858 927 quiescentes
896 839 1004 922 scribi,

193 965 274 1030 quas
310 943 414 1009 omitti
448 937 667 1030 praestiterit,'
702 942 732 1008 si
762 941 859 1008 modo
895 948 1007 1028 posset

191 1044 281 1111 istud
301 1045 341 1111 ab
366 1045 539 1132 imperitis,
570 1066 703 1131 quorum
728 1044 823 1130 longe
850 1042 1006 1110 maximus

192 1153 245 1228 est
276 1169 442 1228 numerus,
482 1146 656 1234 impetrari.
712 1143 866 1211 Dicemus
900 1152 1008 1209 autem

191 1248 301 1335 priore
321 1249 392 1316 loeo
415 1247 455 1314 de
478 1247 717 1334 quiescentibus
739 1245 916 1313 vocalibus.

531 1401 589 1478 De
612 1401 655 1475 A.

258 1551 286 1616 Α
308 1551 337 1618 si
357 1561 503 1620 occurrat
521 1552 723 1639 geminatum,
750 1549 840 1636 prius
860 1549 1007 1637 quiescit,

189 1650 284 1739 quod
313 1652 349 1718 in
379 1652 583 1740 paucissimis
616 1652 783 1720 vocabulis
818 1649 940 1734 evenit,
973 1658 1010 1716 ut

190 1750 327 1817 bauiller
350 1753 526 1840 (oscitare),
554 1765 589 1821 ut
621 1755 833 1841 distinguatur
855 1776 875 1817 a
903 1750 1009 1816 basilee

189 1852 363 1938 (tradere),
389 1857 467 1922 item
497 1855 533 1920 in
560 1855 621 1923 hac
644 1878 724 1923 uoce
755 1877 840 1944 unge
876 1851 1008 1940 (aetas),

189 1976 291 2041 quam
321 1957 468 2022 nonnulli
500 1957 643 2024 scribunt
675 1979 766 2044 euge,
803 1964 836 2024 et
861 1955 1011 2022 videntur

191 2054 286 2124 Galli
311 2065 437 2124 veteres
465 2057 526 2124 hac
547 2059 582 2123 in
603 2082 638 2124 re
658 2059 774 2124 imitati
794 2066 920 2124 veteres
942 2057 1009 2124 Ro·

190 2178 323 2240 manos,
357 2181 438 2244 quos
468 2159 513 2224 ait
541 2159 663 2227 Fabius
697 2159 906 2227 consuevisse
935 2180 1010 2244 pro·

192 2257 310 2324 ductas
325 2260 455 2326 vocales
470 2260 611 2327 seribere
626 2261 786 2348 geminas,
810 2260 894 2327 sieut
914 2259 1012 2325 etiam

193 2355 394 2442 Graecorum
421 2382 442 2444 η
464 2361 527 2426 duo
550 2362 654 2448 epsila
674 2371 706 2429 et
728 2383 754 2423 ω
776 2361 896 2448 duplex
918 2383 937 2424 o
959 2384 1010 2428 re-

185 2457 265 2524 ·fert.
298 2458 406 2527 Voces
421 2470 527 2527 autem
542 2462 622 2529 istae
636 2463 741 2545 Ianne,
764 2464 892 2544 Aaron,
915 2461 1010 2545 Bocl,

188 2567 234 2622 'ut
243 2557 412 2626 Hebraeae
427 2571 510 2646 sunt,
523 2563 571 2630 sie
582 2565 677 2631 etiam
690 2564 814 2650 integro
831 2586 889 2630 suo
906 2565 1010 2654 dupli-

195 2657 248 2724 cis
261 2661 384 2728 vocalis
400 2684 480 2730 sono
494 2662 656 2732 Hebraico
671 2665 871 2752 pronuntiari
882 2666 1009 2736 debent.

261 2758 306 2826 IL
339 2759 488 2844 Quiescit
502 2767 707 2832 coniunctum
727 2788 801 2832 eum
824 2790 852 2850 o,
875 2776 911 2832 ut
930 2792 1013 2836 non-

189 2858 279 2927 nulli
308 2863 452 2930 scribunt
478 2867 574 2930 sooul
599 2867 722 2952 (satur),
751 2890 850 2954 quum
870 2892 1012 2954 pronun·

196 2963 315 3030 tiemus
347 2965 432 3048 soul,
472 2967 568 3034 immo
596 2969 693 3035 etiam
719 2989 795 3050 sou,
825 2970 1012 3057 quiescente

195 3064 292 3131 litera
318 3063 339 3132 1.
382 3065 439 3135 Sic
468 3091 595 3158 quoque
618 3069 767 3137 scribitur
784 3093 924 3156 paoure,
953 3094 1013 3158 pro

199 3188 265 3252 quo
291 3169 534 3253 pronuntiamus
555 3195 675 3259 poure,
708 3171 902 3258 digammate
923 3174 1014 3240 vide·-

196 3266 274 3333 licet
304 3269 456 3354 Aeolico,
494 3273 586 3340 cuius
618 3272 813 3340 characteris
845 3273 1012 3360 neglectus

186 3390 278 3435 usus
308 3368 483 3439 Francicus
518 3374 648 3462 linguae
681 3374 873 3460 scripturam
902 3375 1013 3446 multis

197 3467 300 3538 literis
331 3474 450 3562 alioqui
477 3475 608 3544 minime
634 3474 828 3544 necessariis
856 3478 1011 3546 oneravit.

846 3580 863 3633 ὅ
