2650 4270
345 436 383 502 18
645 436 684 490 De
706 437 848 490 vocalibus.

343 587 393 652 col
407 596 439 653 et
454 612 511 651 con
529 589 685 673 (collum),
700 588 757 672 sol
778 598 809 654 et
822 589 886 672 sou
911 591 1068 676 (stultus),
1091 593 1157 655 mol

343 699 375 756 et
393 713 466 753 mou
489 689 633 774 (mollis),
650 690 725 755 licet
747 713 873 777 semper
895 693 1071 759 scribamus
1094 693 1152 768 col,

333 791 399 876 fol,
423 791 494 870 niel,
516 791 601 855 unde
617 791 697 854 cole!
711 789 911 876 (cervicula),
925 783 1009 874 fille
1024 795 1152 880 (stulta)

328 961 330 966 ,
343 900 374 958 et
388 890 481 955 inette
496 892 590 975 (haec
604 893 735 977 mollis).
766 893 812 958 At
825 894 890 958 illis
911 897 1060 962 contrarii
1074 896 1153 962 Del-

340 991 487 1079 phinetes
510 1001 541 1058 et
562 993 781 1060 Provinciales
811 1017 891 1080 quos
913 1004 1045 1076 vocant,
1078 997 1152 1062 sub-

340 1094 406 1159 lata
427 1117 448 1156 u
469 1095 574 1160 vocali
596 1118 636 1160 ex
658 1095 853 1182 diphthongo
876 1120 927 1172 ou,
955 1096 1099 1162 scribunt
1120 1106 1152 1162 et

340 1194 451 1280 legunt
471 1217 529 1282 cop
546 1196 665 1280 (ictus),
688 1195 826 1282 beaucop
852 1197 1019 1280 (multum),
1043 1196 1152 1260 ‹loleur

342 1295 468 1380 (dolor),
485 1305 617 1362 tormen!
630 1299 857 1381 (tormentum),
873 1321 932 1384 pro
948 1321 1040 1383 coup,
1057 1297 1151 1360 beau-

341 1419 433 1484 coup,
464 1395 606 1476 douleur,
632 1408 793 1462 tourmenl.
839 1397 895 1466 Sic
923 1399 1065 1468 Sabaudi
1092 1422 1150 1483 pro

341 1503 402 1577 oui,
429 1499 476 1564 ita
495 1501 701 1585 pronuntiant
728 1505 760 1564 oi
781 1523 839 1587 per
861 1501 1009 1586 dialysin.
1054 1497 1151 1566 Occi·

339 1601 407 1666 tani
427 1622 514 1682 vero,
537 1623 653 1668 nomen
676 1602 771 1667 etiam
791 1601 867 1667 inde
890 1602 1006 1687 adepti,
1030 1624 1071 1667 ex
1093 1623 1150 1666 ne-

340 1709 435 1787 gante
451 1701 578 1770 Graeca
591 1703 748 1788 particula
763 1693 832 1784 οὐκ,
851 1725 869 1766 a
883 1703 999 1768 vicinis
1013 1703 1150 1770 fortasse

338 1801 599 1868 Massiliensibus
639 1803 774 1872 Graecis
816 1811 962 1889 accepta,
1006 1803 1152 1869 fecerunt

337 1904 439 1990 (quod
470 1904 584 1969 mirum
617 1903 680 1987 est)
717 1903 926 1970 affirmantem
961 1905 1150 1989 particulam

340 2027 376 2068 oo
397 2007 526 2090 procui
546 2004 626 2088 (ita):
649 2027 730 2090 qnae
745 2028 856 2072 omnes
871 2005 1149 2092 pronuntiationes

339 2106 475 2171 vitiosae
497 2113 572 2170 sunt
594 2114 626 2170 ct
647 2129 740 2173 aures
759 2107 959 2174 Francorum
976 2105 1150 2172 vehemen-

337 2216 387 2273 ter
407 2205 581 2272 offendunt.

649 2358 846 2434 Van

402 2511 495 2576 Haeo
514 2510 614 2593 litera,
638 2533 734 2596 quum
756 2518 806 2576 est
826 2509 958 2592 vocalis,
982 2519 1032 2576 est
1045 2508 1149 2577 Grae-

339 2637 447 2680 corum
467 2613 605 2699 ypsilon‚
628 2612 714 2698 quod
733 2612 807 2697 ipsa
830 2633 957 2697 quoque
977 2612 1081 2696 figura
1100 2619 1148 2677 te-

339 2724 454 2797 statur,
488 2713 677 2799 efferturque
702 2712 802 2779 veluti
837 2711 930 2778 sibilo
966 2713 1148 2782 constrictis

337 2816 435 2883 labris
459 2815 578 2896 efflato,
601 2815 687 2880 unde
708 2813 834 2896 factum,
858 2823 893 2879 ut
912 2811 1056 2880 Hebraei
1081 2837 1149 2881 non

336 2917 420 2982 inter
439 2916 567 2982 vocales
590 2916 659 2982 sive
680 2916 856 3002 gutturales
880 2937 959 3002 quas
975 2915 1147 3001 appellant,

339 3018 397 3084 sed
418 3017 501 3083 inter
521 3017 655 3084 labiales
679 3025 893 3084 consonantes
915 3017 998 3082 hanc
1020 3038 1148 3102 quoque

337 3120 480 3200 alteram,
514 3128 587 3186 ante
612 3127 738 3206 reperta
764 3141 847 3205 quae
874 3125 991 3183 vocant
1017 3126 1146 3204 puncta,

336 3245 402 3288 non
412 3221 568 3288 immerito
579 3220 782 3286 numeranint.
818 3218 925 3288 Sonus
943 3227 1049 3284 antem
1060 3218 1147 3282 illius

335 3323 480 3410 proxime
514 3322 554 3388 ad
590 3322 776 3387 tenuitatem
809 3323 821 3382 i
852 3320 973 3387 vocalis
1007 3317 1147 3399 accedit3

336 3425 539 3511 quamobrem
561 3425 653 3490 etiam
673 3421 855 3510 promiscue
875 3430 1001 3490 veteres
1012 3419 1150 3488 Romani
