2650 4270
330 496 372 561 52
621 493 659 548 Do
678 492 858 564 diphthongis.

329 647 438 714 verbis
465 668 547 732 quae
576 669 637 712 usu
663 644 770 732 potius
798 667 894 731 quam
921 645 996 710 ullis
1024 644 1146 730 regulis

331 747 578 833 dignoscuntur,
612 757 648 812 ut
680 769 754 811 seur
787 746 951 831 (securus)
984 746 1073 830 (nam
1110 743 1146 808 in

328 870 403 912 seur
412 871 471 935 pro
484 871 620 915 sorore
632 848 849 935 diphthongus
863 849 988 934 integra
1002 845 1144 924 auditur3

329 971 385 1013 our
399 972 476 1016 vero
491 973 548 1037 pro
564 959 726 1016 austero
742 957 874 1034 gustu,
898 957 930 1013 et
943 971 1001 1035 pro
1024 967 1146 1032 super

329 1051 469 1137 simplici
491 1075 510 1114 u
538 1052 698 1134 scribitur)
720 1051 806 1116 unde
827 1058 931 1113 scurie
945 1047 1145 1134 (securitas),

330 1175 476 1216 uooeurer
491 1161 523 1217 et
539 1175 740 1234 assemanus,
755 1153 847 1238 quasi
863 1170 1098 1217 assecurare
1111 1155 1145 1212 et

327 1255 672 1320 assecurationem
684 1254 783 1336 dicas,
795 1261 929 1317 meuretc
940 1249 1142 1335 (maturitas),

327 1377 414 1418 nreur
437 1355 620 1440 (maturus).
643 1355 688 1420 Et
700 1355 735 1419 in
757 1377 873 1441 genere
888 1377 947 1440 per
962 1376 982 1415 u
997 1351 1143 1416 vocalem

327 1454 506 1541 simplicem
529 1479 549 1520 a
566 1450 653 1522 recte
672 1455 953 1543 pronuntiantibus
969 1453 1143 1518 efferuntur

326 1578 540 1642 quaecunque
566 1558 709 1624 verbalia
730 1557 881 1622 desinunt
902 1556 935 1620 in
967 1577 1040 1619 eure
1070 1555 1141 1619 lon-

327 1679 419 1742 gum,
447 1665 483 1721 ut
503 1656 661 1723 blesseurc
682 1657 851 1744 (laesura),
874 1677 1021 1720 casseurc
1043 1655 1142 1739 (frac-

324 1759 421 1841 tura),
434 1756 1141 1845 nuoreurc(vulneratio),rompeure(ruptura)

325 1859 365 1924 ab
396 1860 532 1925 infinitis
561 1859 689 1944 blesum,
718 1883 836 1941 casser,
862 1881 981 1937 nuorer,
1004 1880 1139 1943 rompre.

324 1958 417 2024 Idem
439 1962 676 2027 observandum
704 1963 809 2028 estin
835 1960 981 2027 omnibus
1009 1959 1141 2046 pantici-

323 2059 388 2147 piis
420 2063 583 2146 praeteriti
612 2064 767 2150 temporis
793 2063 935 2150 passivis
973 2071 1039 2126 tum
1071 2084 1141 2126 ma·

324 2162 459 2228 sculinis
476 2173 545 2229 tum
556 2164 740 2230 foemininis
755 2165 790 2230 in
808 2164 891 2229 hanc
907 2161 1141 2248 diphthongum

326 2263 515 2346 terminatis,
535 2274 625 2329 utcu
641 2265 805 2348 (habitus),
822 2287 879 2328 cue
894 2263 1027 2346 (habita)
1044 2263 1141 2348 (quas

323 2387 421 2429 voces
436 2365 564 2430 Aurelii
583 2374 615 2430 et
633 2366 734 2431 vicini
749 2365 908 2433 Carnutes
927 2363 1139 2430 vitiosissime

323 2464 460 2529 efferunt
496 2488 555 2550 per
586 2459 740 2529 διάλυσιν
773 2475 811 2532 ed
842 2476 879 2532 ut
911 2465 1138 2550 dissyllabum)

324 2564 394 2648 beu,
410 2565 486 2631 bcue
497 2567 642 2650 (bibitus,
655 2567 714 2650 ta),
731 2591 830 2648 recen,
841 2590 948 2633 roceue
963 2566 1137 2652 (receptus,

319 2667 369 2750 ta)
391 2690 474 2748 oren,
491 2691 582 2732 meuc
597 2667 760 2752 (creditus⁷
771 2670 829 2754 ta),
853 2669 922 2753 dett,
939 2669 1019 2735 deue
1033 2669 1139 2756 (debi-

320 2776 383 2849 tus,
405 2769 465 2852 ta),
487 2769 547 2846 leu,
570 2769 639 2834 leue
661 2771 789 2854 (lectus,
804 2771 918 2854 lecta),
945 2795 1026 2854 meu,
1049 2795 1139 2837 mene

320 2868 452 2952 (motus,
467 2872 579 2955 mota),
604 2894 671 2952 seu,
694 2895 770 2937 seue
792 2872 917 2956 (scitus,
942 2873 1049 2958 scita),
1075 2882 1137 2950 teu,

320 2980 390 3034 teuc
412 2971 555 3055 (tacitus,
578 2974 639 3058 ta),
662 2996 731 3056 ceu,
758 2997 834 3040 neue
856 2975 972 3059 (visus,
994 2973 1080 3058 visa)
1105 2984 1138 3040 et

320 3073 386 3139 alia
410 3073 576 3140 eiusmodi.
620 3075 713 3140 Idem
740 3076 975 3142 observandum
1003 3077 1037 3142 in
1061 3081 1137 3145 sub·

318 3175 454 3242 iunctivi
469 3177 557 3242 modi
578 3187 720 3264 tempore
741 3177 939 3264 imperfecto,
961 3187 997 3242 ut
1024 3201 1137 3245 seusse

319 3277 477 3362 (scirem),
497 3301 590 3344 cussa
602 3280 787 3364 (haberem),
805 3303 887 3365 quae
903 3288 1008 3344 tamen
1027 3282 1137 3347 omnia

316 3379 519 3444 tumnomina
530 3390 598 3446 tum
608 3378 944 3467 participiaOarnutes
953 3383 1001 3460 (ut
1012 3379 1095 3466 dixi)
1103 3391 1137 3448 et

317 3477 350 3542 N
351 3480 496 3545 armanni
502 3480 693 3568 hacintegra
704 3482 901 3569 diphthongo
912 3482 1086 3570 proferunt,
1099 3494 1136 3550 ut
