2650 4270
514 445 544 508 T,
562 447 582 498 t.
617 440 652 506 X,
670 457 695 494 x.
968 441 1006 504 41

198 600 259 665 tati
287 599 386 665 veluti
416 599 481 663 vim
508 597 671 677 afferente,
700 593 921 682 pronuntiatur
948 618 1009 681 pro

200 701 321 786 duplici
338 724 380 782 cc,
396 710 432 765 ut
453 699 581 782 Xerxes,
605 699 807 780 Artaxerxes,
832 698 880 762 sic
900 707 1009 762 tamen

197 810 234 867 ut
258 803 293 866 in
318 801 494 889 posteriore
526 801 658 865 istorum
689 798 851 863 nominum
884 800 1010 883 syllaba

198 905 344 970 audiatur
367 905 500 968 alterum
521 927 536 965 c
559 903 719 982 duntaxat,
743 900 835 985 quasi
851 900 1008 966 scribatur
1095 967 1097 972 ,

196 1005 324 1086 Xerses,
338 1007 363 1068 Α
368 1015 534 1069 rturcrres.
551 1004 607 1073 Sic
619 1003 713 1068 etiam
725 1001 878 1088 syllabam
888 1001 1006 1064 finiens

197 1106 334 1188 effertur,
357 1117 393 1170 ut
409 1129 542 1188 exercet,
567 1106 715 1190 exempla,
741 1112 891 1181 executor,
913 1105 956 1169 eti

195 1209 252 1274 ubi
279 1233 294 1271 o
319 1209 483 1289 redundat,
512 1216 548 1270 ut
577 1229 677 1286 arces,
706 1204 846 1286 eroessff.
891 1204 931 1269 In
954 1229 1010 1272 ex-

193 1311 305 1374 tremis
328 1333 404 1375 vero
428 1309 621 1375 dictionibus
650 1308 734 1372 idem
764 1314 856 1371 sonat
876 1329 1009 1391 prorsus

194 1419 292 1496 atque
320 1436 346 1492 r,
378 1419 408 1475 et
434 1411 552 1496 partim
578 1431 639 1474 usu
664 1409 772 1495 potius
799 1429 892 1492 quam
917 1409 1012 1476 firma,

192 1514 318 1577 ratione
348 1520 532 1597 usurpatur,
568 1519 604 1575 ut
637 1510 671 1573 in
707 1509 899 1574 dictionibus
933 1512 1007 1572 noir

194 1615 299 1695 (nux),
323 1615 406 1698 pois
435 1615 535 1699 (pax),
556 1613 638 1697 poix
666 1611 756 1697 (pix),
785 1618 816 1675 et
844 1609 878 1674 in
904 1612 1007 1676 nomi-

193 1715 290 1779 nibus
312 1715 527 1780 numeralibus
551 1716 600 1776 six
623 1715 716 1794 (sex),
741 1720 772 1777 et
795 1711 846 1773 dir
869 1713 1006 1794 (decem)

193 1824 226 1879 et
254 1837 362 1878 eorum
396 1814 563 1896 derivatis,
597 1824 632 1879 ut
664 1817 816 1893 siriesma
845 1813 1003 1897 dixiesme,

190 1915 309 2002 partim
330 1915 426 1980 etiam
447 1917 578 1980 ratione.
623 1914 730 1997 Quum
753 1917 836 1980 enim
857 1917 891 1979 in
912 1917 1007 1983 litera

191 2016 382 2102 quotidiana
415 2026 446 2082 et
478 2039 553 2082 vere
585 2016 741 2082 Francica
779 2040 872 2103 quam
908 2043 1004 2084 manu

191 2117 343 2202 scriptam
375 2118 535 2183 cursivam
562 2128 692 2202 vocant,
726 2119 782 2185 vix
809 2141 846 2183 ac
875 2142 916 2183 ne
948 2121 1005 2186 vix

191 2219 322 2304 quidem
345 2218 483 2284 discerni
504 2230 639 2306 possent
660 2243 679 2280 n
696 2229 727 2284 et
747 2242 767 2281 u
791 2221 884 2304 (quae
905 2243 1005 2287 causa

191 2321 365 2385 etiamnum
386 2320 481 2386 hodie
509 2322 596 2408 cogit
622 2321 800 2388 Germanos
828 2322 950 2386 literam
980 2345 1002 2384 u

190 2423 229 2487 ab
263 2443 282 2481 n
311 2420 460 2506 imposito
490 2424 624 2509 quodam
661 2423 751 2510 apice
787 2411 1002 2509 distinguere)

188 2522 339 2608 usurpari
371 2523 477 2608 coepit
514 2545 535 2585 x
564 2547 623 2610 pro
653 2549 683 2606 a,
711 2526 921 2610 praecedente
954 2529 1003 2592 di-

187 2621 355 2709 phthongo
371 2647 413 2686 uu
428 2625 480 2689 vel
495 2647 544 2703 eu,
557 2648 599 2691 ne
613 2627 648 2690 in
661 2627 918 2712 pronuntiatione
932 2627 1002 2694 hal-

187 2724 393 2806 lucinaretur,
419 2734 454 2788 ut
475 2747 561 2806 ceux,
585 2723 688 2808 dieur,
711 2729 803 2808 lieux,
826 2732 936 2808 mieur,
957 2754 1000 2797 ne

188 2828 272 2911 quis,
290 2826 318 2890 si
333 2849 349 2888 s
366 2825 539 2890 adhibitum
555 2837 649 2910 esset,
670 2830 791 2913 legeret
801 2852 884 2912 oens,
900 2831 1000 2912 (liena,

187 2927 277 3008 lions,
312 2931 417 2991 miens.
470 2927 649 3014 Itidemque
675 2953 753 2995 usus
786 2931 930 3012 obtinuit,
963 2942 1002 2997 ut

188 3029 379 3092 scriberetur
413 3028 560 3108 chaceur,
593 3053 686 3092 nruux
731 3043 762 3096 et
794 3033 923 3115 similia,
956 3057 999 3099 ne

188 3130 260 3212 quis
282 3129 403 3214 legeret
425 3128 558 3192 obruens
581 3140 612 3194 et
633 3154 731 3195 rnuns.

203 3280 261 3354 De
285 3309 308 3382 y
336 3284 436 3380 quod
460 3281 477 3354 τ’
502 3280 680 3358 Graecum
706 3287 798 3358 falso
824 3298 968 3360 vocant.

250 3429 356 3511 Quum
377 3431 460 3496 hanc
487 3433 610 3499 literam
637 3435 778 3500 viderem
804 3460 869 3501 non
900 3439 996 3504 modo

185 3532 364 3612 promiscue
397 3541 429 3597 et
449 3535 537 3601 nulla
557 3560 688 3624 prorsus
715 3538 892 3603 rationein
915 3540 995 3604 scri-
