2650 4270
364 430 404 494 46
659 435 697 488 Do
716 435 896 508 diphthongis.

362 582 617 652 interiectionem
654 588 818 659 inuitantis
850 593 905 656 tui
932 593 999 671 hai,
1027 619 1094 662 non
1115 599 1182 666 dis·

364 685 520 769 syllabam
538 697 573 752 ut
594 689 629 754 iu
642 691 813 778 participio
828 693 887 758 hai'
898 697 1051 780 (exosus),
1074 700 1132 765 sed
1145 710 1182 766 ut

362 788 628 873 monosyllabam‚
654 791 738 857 siout
756 792 885 860 Pioardi
903 797 1070 866 interiores
1084 800 1182 870 hodia

363 908 489 972 quoque
500 889 587 956 hano
604 914 720 958 vooom
739 896 835 958 ainrer
848 900 1063 982 pronuntiant.
1090 901 1182 970 Siout

362 997 469 1055 autom
481 992 677 1078 posteriores
689 995 799 1060 Latini
809 998 919 1063 aulai
933 1008 965 1064 et
978 1002 1102 1087 piotai
1113 1004 1180 1070 dis·

362 1090 495 1176 syllaba,
520 1117 603 1180 quae
626 1106 741 1182 poetae
762 1121 820 1184 per
840 1092 993 1164 διάλυσιν
1012 1102 1181 1188 trisyllaba

365 1192 523 1276 focerunt,
545 1205 709 1264 mutarunt
728 1199 763 1264 in
785 1202 898 1270 aulas
921 1203 1112 1289 etpiotae,
1134 1204 1181 1270 ita

367 1294 464 1359 etiam
484 1295 612 1380 Franci,
638 1299 714 1364 licet
736 1310 862 1367 servata
882 1311 990 1369 vetere
1012 1305 1179 1391 scriptura,

366 1406 540 1482 coeperunt
560 1398 644 1465 hano
667 1399 899 1488 diphthongum
914 1427 974 1490 per
988 1426 1026 1467 ue
1039 1426 1180 1489 pronun-

364 1494 462 1579 tiare,
480 1498 528 1564 sio
542 1509 649 1566 tannen
663 1502 746 1566 utin
761 1503 831 1570 eius
845 1503 1024 1590 prolatione
1037 1528 1143 1591 neque
1158 1529 1180 1569 a

364 1618 470 1683 nequo
491 1621 508 1662 e
530 1602 686 1685 audiatur,
710 1604 767 1670 sed
781 1606 899 1672 mixtus
916 1628 956 1672 ex
969 1606 1031 1670 hac
1045 1614 1179 1693 utraque

364 1701 469 1766 vocali
480 1701 592 1768 tertius
606 1725 715 1786 sonus,
731 1705 761 1770 is
771 1706 923 1772 videlicet
932 1730 1029 1793 quam
1039 1729 1057 1772 e
1066 1717 1179 1794 aperto

365 1801 574 1871 attribuimus.
619 1803 729 1886 Quum
756 1807 842 1872 enim
862 1808 985 1874 vocalis
1008 1831 1025 1871 e
1048 1810 1179 1895 propris

364 1926 448 1988 pene
465 1905 643 1971 ooniuuotis
666 1907 813 1974 dontibus
834 1909 1014 1975 enuntietur
1034 1909 1106 1995 (qui
1126 1933 1179 1975 so-

363 2027 424 2070 nus
447 2015 497 2073 ost
518 2030 535 2070 e
558 2030 653 2093 quom
668 2008 812 2074 clausum
826 2009 1039 2094 vocavimus),
1062 2012 1097 2076 in
1116 2011 1179 2080 har

364 2106 560 2194 diphthongo
583 2109 743 2176 adiectum
765 2134 784 2173 o
810 2110 959 2196 probibet
988 2113 1101 2180 dentes
1124 2136 1179 2180 oo·

363 2210 459 2290 oludi,
483 2217 515 2274 et
528 2211 676 2277 vicissim
696 2235 713 2273 e
734 2220 829 2294 votat,
852 2235 894 2278 no
917 2237 937 2275 a
959 2213 1045 2280 olaro
1067 2215 1123 2280 illo
1145 2224 1179 2282 ot

363 2335 479 2378 sonoro
495 2335 553 2378 suo
568 2335 648 2380 sono
658 2312 844 2399 proferatur.
866 2312 1024 2401 Exemplo
1030 2325 1106 2383 sunt
1114 2315 1178 2382 has

362 2437 459 2480 voces
483 2414 627 2498 porshile
655 2421 687 2478 et
706 2413 877 2500 prophete,
906 2438 1038 2501 quarum
1063 2417 1178 2502 penul-

308 2561 309 2564 *
360 2516 457 2581 timae
478 2538 543 2580 non
564 2536 627 2580 uno
648 2515 741 2580 modo
763 2516 953 2599 scribuntur,
983 2517 1041 2582 sod
1063 2517 1178 2587 eodem

360 2618 489 2704 penitus
513 2639 591 2683 sono
613 2615 826 2696 enuntiantur.
866 2615 921 2684 Sic
942 2617 1029 2703 prior
1052 2618 1177 2704 syllaba

360 2719 395 2783 in
417 2721 544 2781 maistre
567 2725 599 2783 et
620 2716 725 2781 media
744 2717 779 2782 in
797 2727 965 2802 permettre
992 2741 1059 2783 non
1085 2741 1176 2802 sono,

361 2819 418 2886 sod
459 2818 529 2885 sola
568 2817 746 2904 quantitate
786 2819 943 2884 differunt.
992 2819 1076 2884 Nam
1118 2819 1176 2886 illa

361 2923 488 3009 quidem
514 2922 612 3006 longa
643 2928 693 2986 est
719 2942 778 3006 per
806 2942 823 2983 o
856 2919 1027 3006 quiesoens
1054 2929 1174 3004 notata,

358 3025 423 3091 ista
443 3046 519 3090 voro
541 3024 650 3090 brevis
674 3029 731 3103 ost
754 3021 789 3086 in
810 3043 874 3107 qua
889 3021 980 3106 prius
998 3031 1010 3086 t
1025 3023 1174 3109 quiosoit,

360 3126 533 3213 ostendens
556 3147 656 3190 enon
683 3145 755 3189 osse
770 3123 925 3205 clausurn,
945 3125 1003 3190 sed
1018 3133 1174 3211 aportunn

294 3251 300 3264 ⁴
360 3225 426 3294 Sed
451 3228 514 3292 duo
542 3235 617 3291 sunt
641 3234 807 3312 praeterea
833 3225 868 3290 in
889 3224 951 3290 hao
973 3224 1173 3312 diphthongo

358 3330 506 3395 notanda.
543 3327 661 3411 Unum,
683 3325 839 3394 interdum
855 3349 915 3412 per
935 3320 1083 3389 διάλυσιν
1100 3347 1175 3392 osso

358 3431 624 3516 pronuntiandam
645 3431 728 3496 utin
742 3430 839 3496 verbo
854 3428 923 3494 ho'ir
945 3427 1090 3510 (odisse),
1106 3425 1173 3495 dis.-
