<?xml version="1.0" encoding="UTF-8"?>
<!DOCTYPE html PUBLIC "-//W3C//DTD XHTML 1.0 Transitional//EN"
    "http://www.w3.org/TR/xhtml1/DTD/xhtml1-transitional.dtd">
<html xmlns="http://www.w3.org/1999/xhtml" xml:lang="en" lang="en">
 <head>
  <title>
</title>
<meta http-equiv="Content-Type" content="text/html;charset=utf-8" />
  <meta name='ocr-system' content='tesseract 3.04.00' />
  <meta name='ocr-capabilities' content='ocr_page ocr_carea ocr_par ocr_line ocrx_word'/>
</head>
<body>
  <div class='ocr_page' id='page_1' title='image "./defrancicaeling00toblgoog_0020.png"; bbox 0 0 2650 4270; ppageno 0'>
   <div class='ocr_carea' id='block_1_1' title="bbox 185 1116 925 1312">
    <p class='ocr_par' dir='ltr' id='par_1_1' title="bbox 185 1116 925 1312">
     <span class='ocr_line' id='line_1_1' title="bbox 185 1116 925 1219; baseline 0 -25"><span class='ocrx_word' id='word_1_1' title='bbox 185 1159 187 1164; x_wconf 41' lang='lat'>*</span> <span class='ocrx_word' id='word_1_2' title='bbox 242 1118 299 1194; x_wconf 94' lang='lat' dir='ltr'>De</span> <span class='ocrx_word' id='word_1_3' title='bbox 324 1117 522 1194; x_wconf 85' lang='lat' dir='ltr'>Francioae</span> <span class='ocrx_word' id='word_1_4' title='bbox 547 1116 692 1216; x_wconf 79' lang='lat' dir='ltr'>linguae</span> <span class='ocrx_word' id='word_1_5' title='bbox 718 1127 818 1193; x_wconf 87' lang='lat' dir='ltr'>recta</span> <span class='ocrx_word' id='word_1_6' title='bbox 841 1145 925 1219; x_wconf 86' lang='lat' dir='ltr'>pro·</span> 
     </span>
     <span class='ocr_line' id='line_1_2' title="bbox 466 1236 704 1312; baseline 0 -1"><span class='ocrx_word' id='word_1_7' title='bbox 466 1236 704 1312; x_wconf 76' lang='lat' dir='ltr'>nuntiatione.</span> 
     </span>
    </p>
   </div>
   <div class='ocr_carea' id='block_1_2' title="bbox 243 1383 988 1513">
    <p class='ocr_par' dir='ltr' id='par_1_2' title="bbox 243 1383 988 1513">
     <span class='ocr_line' id='line_1_3' title="bbox 243 1383 988 1513; baseline -0.001 -21"><span class='ocrx_word' id='word_1_8' title='bbox 243 1383 364 1505; x_wconf 79' lang='lat' dir='ltr'>Quam</span> <span class='ocrx_word' id='word_1_9' title='bbox 376 1428 472 1513; x_wconf 84' lang='lat' dir='ltr'>vulgo</span> <span class='ocrx_word' id='word_1_10' title='bbox 487 1426 646 1495; x_wconf 83' lang='lat' dir='ltr'>Gallicam</span> <span class='ocrx_word' id='word_1_11' title='bbox 658 1428 799 1513; x_wconf 88' lang='lat' dir='ltr'>linguam</span> <span class='ocrx_word' id='word_1_12' title='bbox 817 1427 988 1512; x_wconf 86' lang='lat' dir='ltr'>appellant,</span> 
     </span>
    </p>
   </div>
   <div class='ocr_carea' id='block_1_3' title="bbox 174 1525 990 3536">
    <p class='ocr_par' dir='ltr' id='par_1_3' title="bbox 174 1525 990 3536">
     <span class='ocr_line' id='line_1_4' title="bbox 178 1525 990 1614; baseline 0.005 -24"><span class='ocrx_word' id='word_1_13' title='bbox 178 1546 238 1609; x_wconf 85' lang='lat' dir='ltr'>ego</span> <span class='ocrx_word' id='word_1_14' title='bbox 264 1525 300 1590; x_wconf 90' lang='lat' dir='ltr'>in</span> <span class='ocrx_word' id='word_1_15' title='bbox 326 1527 388 1594; x_wconf 90' lang='lat' dir='ltr'>hoc</span> <span class='ocrx_word' id='word_1_16' title='bbox 409 1528 527 1614; x_wconf 82' lang='lat' dir='ltr'>scripto</span> <span class='ocrx_word' id='word_1_17' title='bbox 548 1526 737 1594; x_wconf 87' lang='lat' dir='ltr'>Francicam</span> <span class='ocrx_word' id='word_1_18' title='bbox 758 1549 855 1608; x_wconf 83' lang='lat' dir='ltr'>voco,</span> <span class='ocrx_word' id='word_1_19' title='bbox 882 1551 948 1594; x_wconf 89' lang='lat' dir='ltr'>non</span> <span class='ocrx_word' id='word_1_20' title='bbox 970 1552 990 1594; x_wconf 90' lang='lat' dir='ltr'>a</span> 
     </span>
     <span class='ocr_line' id='line_1_5' title="bbox 175 1623 990 1716; baseline 0.005 -26"><span class='ocrx_word' id='word_1_21' title='bbox 175 1623 311 1692; x_wconf 87' lang='lat' dir='ltr'>Francis</span> <span class='ocrx_word' id='word_1_22' title='bbox 340 1627 531 1695; x_wconf 77' lang='lat' dir='ltr'>Germaniae</span> <span class='ocrx_word' id='word_1_23' title='bbox 558 1629 686 1716; x_wconf 87' lang='lat' dir='ltr'>populis</span> <span class='ocrx_word' id='word_1_24' title='bbox 714 1636 827 1710; x_wconf 87' lang='lat' dir='ltr'>ortam,</span> <span class='ocrx_word' id='word_1_25' title='bbox 861 1629 919 1694; x_wconf 83' lang='lat' dir='ltr'>sed</span> <span class='ocrx_word' id='word_1_26' title='bbox 949 1651 990 1694; x_wconf 88' lang='lat' dir='ltr'>ex</span> 
     </span>
     <span class='ocr_line' id='line_1_6' title="bbox 178 1726 989 1816; baseline 0.002 -24"><span class='ocrx_word' id='word_1_27' title='bbox 178 1748 241 1812; x_wconf 88' lang='lat' dir='ltr'>quc</span> <span class='ocrx_word' id='word_1_28' title='bbox 263 1726 390 1795; x_wconf 84' lang='lat' dir='ltr'>Galliae</span> <span class='ocrx_word' id='word_1_29' title='bbox 410 1752 552 1816; x_wconf 87' lang='lat' dir='ltr'>regnum,</span> <span class='ocrx_word' id='word_1_30' title='bbox 578 1729 718 1794; x_wconf 88' lang='lat' dir='ltr'>omnium</span> <span class='ocrx_word' id='word_1_31' title='bbox 739 1729 880 1815; x_wconf 90' lang='lat' dir='ltr'>gentium</span> <span class='ocrx_word' id='word_1_32' title='bbox 901 1730 989 1796; x_wconf 87' lang='lat' dir='ltr'>velut</span> 
     </span>
     <span class='ocr_line' id='line_1_7' title="bbox 176 1829 988 1917; baseline 0.005 -25"><span class='ocrx_word' id='word_1_33' title='bbox 176 1849 342 1895; x_wconf 90' lang='lat' dir='ltr'>commune</span> <span class='ocrx_word' id='word_1_34' title='bbox 357 1831 541 1917; x_wconf 85' lang='lat' dir='ltr'>emporium,</span> <span class='ocrx_word' id='word_1_35' title='bbox 556 1830 590 1895; x_wconf 93' lang='lat' dir='ltr'>in</span> <span class='ocrx_word' id='word_1_36' title='bbox 603 1830 761 1896; x_wconf 87' lang='lat' dir='ltr'>Franciae</span> <span class='ocrx_word' id='word_1_37' title='bbox 775 1852 892 1896; x_wconf 91' lang='lat' dir='ltr'>nomen</span> <span class='ocrx_word' id='word_1_38' title='bbox 906 1829 988 1896; x_wconf 85' lang='lat' dir='ltr'>ultro</span> 
     </span>
     <span class='ocr_line' id='line_1_8' title="bbox 177 1931 990 2019; baseline 0.002 -25"><span class='ocrx_word' id='word_1_39' title='bbox 177 1931 353 2014; x_wconf 85' lang='lat' dir='ltr'>concessit,</span> <span class='ocrx_word' id='word_1_40' title='bbox 391 1955 431 1996; x_wconf 89' lang='lat' dir='ltr'>ex</span> <span class='ocrx_word' id='word_1_41' title='bbox 464 1940 661 1998; x_wconf 85' lang='lat' dir='ltr'>caeterorum</span> <span class='ocrx_word' id='word_1_42' title='bbox 691 1954 775 2019; x_wconf 91' lang='lat' dir='ltr'>pene</span> <span class='ocrx_word' id='word_1_43' title='bbox 806 1931 990 1997; x_wconf 85' lang='lat' dir='ltr'>idiomatum</span> 
     </span>
     <span class='ocr_line' id='line_1_9' title="bbox 177 2031 990 2116; baseline 0.005 -23"><span class='ocrx_word' id='word_1_44' title='bbox 177 2031 402 2098; x_wconf 78' lang='lat' dir='ltr'>commixtione</span> <span class='ocrx_word' id='word_1_45' title='bbox 424 2041 533 2116; x_wconf 84' lang='lat' dir='ltr'>satam,</span> <span class='ocrx_word' id='word_1_46' title='bbox 557 2055 596 2098; x_wconf 85' lang='lat' dir='ltr'>ac</span> <span class='ocrx_word' id='word_1_47' title='bbox 616 2034 744 2100; x_wconf 86' lang='lat' dir='ltr'>tandem</span> <span class='ocrx_word' id='word_1_48' title='bbox 765 2033 813 2098; x_wconf 88' lang='lat' dir='ltr'>sic</span> <span class='ocrx_word' id='word_1_49' title='bbox 833 2033 990 2099; x_wconf 82' lang='lat' dir='ltr'>excultam</span> 
     </span>
     <span class='ocr_line' id='line_1_10' title="bbox 178 2133 990 2221; baseline 0.005 -25"><span class='ocrx_word' id='word_1_50' title='bbox 178 2137 211 2196; x_wconf 87' lang='lat' dir='ltr'>et</span> <span class='ocrx_word' id='word_1_51' title='bbox 232 2140 370 2217; x_wconf 89' lang='lat' dir='ltr'>auctam,</span> <span class='ocrx_word' id='word_1_52' title='bbox 393 2142 428 2198; x_wconf 92' lang='lat' dir='ltr'>ut</span> <span class='ocrx_word' id='word_1_53' title='bbox 449 2159 468 2200; x_wconf 90' lang='lat' dir='ltr'>a</span> <span class='ocrx_word' id='word_1_54' title='bbox 488 2135 633 2221; x_wconf 84' lang='lat' dir='ltr'>plurimis</span> <span class='ocrx_word' id='word_1_55' title='bbox 655 2135 724 2200; x_wconf 86' lang='lat' dir='ltr'>eius</span> <span class='ocrx_word' id='word_1_56' title='bbox 746 2133 900 2220; x_wconf 78' lang='lat' dir='ltr'>cognitio,</span> <span class='ocrx_word' id='word_1_57' title='bbox 923 2143 990 2200; x_wconf 91' lang='lat' dir='ltr'>tum</span> 
     </span>
     <span class='ocr_line' id='line_1_11' title="bbox 176 2235 990 2323; baseline 0.005 -25"><span class='ocrx_word' id='word_1_58' title='bbox 176 2245 308 2320; x_wconf 88' lang='lat' dir='ltr'>propter</span> <span class='ocrx_word' id='word_1_59' title='bbox 321 2236 475 2302; x_wconf 85' lang='lat' dir='ltr'>sermonis</span> <span class='ocrx_word' id='word_1_60' title='bbox 491 2237 690 2322; x_wconf 85' lang='lat' dir='ltr'>elegantiam,</span> <span class='ocrx_word' id='word_1_61' title='bbox 704 2245 770 2301; x_wconf 91' lang='lat' dir='ltr'>tum</span> <span class='ocrx_word' id='word_1_62' title='bbox 786 2235 880 2301; x_wconf 89' lang='lat' dir='ltr'>etiam</span> <span class='ocrx_word' id='word_1_63' title='bbox 893 2259 990 2323; x_wconf 89' lang='lat' dir='ltr'>prop·</span> 
     </span>
     <span class='ocr_line' id='line_1_12' title="bbox 176 2337 989 2424; baseline -0.004 -19"><span class='ocrx_word' id='word_1_64' title='bbox 176 2350 226 2406; x_wconf 90' lang='lat' dir='ltr'>ter</span> <span class='ocrx_word' id='word_1_65' title='bbox 262 2337 441 2404; x_wconf 84' lang='lat' dir='ltr'>commercii</span> <span class='ocrx_word' id='word_1_66' title='bbox 475 2337 642 2403; x_wconf 87' lang='lat' dir='ltr'>utilitatem</span> <span class='ocrx_word' id='word_1_67' title='bbox 679 2338 774 2404; x_wconf 90' lang='lat' dir='ltr'>hodie</span> <span class='ocrx_word' id='word_1_68' title='bbox 813 2345 989 2424; x_wconf 77' lang='lat' dir='ltr'>expetatur,</span> 
     </span>
     <span class='ocr_line' id='line_1_13' title="bbox 175 2437 990 2526; baseline 0.004 -22"><span class='ocrx_word' id='word_1_69' title='bbox 175 2437 259 2505; x_wconf 85' lang='lat' dir='ltr'>Eius</span> <span class='ocrx_word' id='word_1_70' title='bbox 270 2447 375 2505; x_wconf 88' lang='lat' dir='ltr'>autem</span> <span class='ocrx_word' id='word_1_71' title='bbox 387 2447 506 2504; x_wconf 90' lang='lat' dir='ltr'>rectam</span> <span class='ocrx_word' id='word_1_72' title='bbox 519 2439 808 2524; x_wconf 88' lang='lat' dir='ltr'>pronuntiationem</span> <span class='ocrx_word' id='word_1_73' title='bbox 823 2440 886 2505; x_wconf 89' lang='lat' dir='ltr'>duo</span> <span class='ocrx_word' id='word_1_74' title='bbox 896 2462 990 2526; x_wconf 77' lang='lat' dir='ltr'>prae-</span> 
     </span>
     <span class='ocr_line' id='line_1_14' title="bbox 177 2540 989 2636; baseline -0.004 -26"><span class='ocrx_word' id='word_1_75' title='bbox 177 2541 272 2627; x_wconf 80' lang='lat' dir='ltr'>cipue</span> <span class='ocrx_word' id='word_1_76' title='bbox 303 2540 440 2606; x_wconf 86' lang='lat' dir='ltr'>reddunt</span> <span class='ocrx_word' id='word_1_77' title='bbox 466 2540 584 2636; x_wconf 78' lang='lat' dir='ltr'>exteris</span> <span class='ocrx_word' id='word_1_78' title='bbox 609 2541 791 2608; x_wconf 83' lang='lat' dir='ltr'>hominibus</span> <span class='ocrx_word' id='word_1_79' title='bbox 818 2540 989 2608; x_wconf 84' lang='lat' dir='ltr'>difficilem.</span> 
     </span>
     <span class='ocr_line' id='line_1_15' title="bbox 176 2640 988 2728; baseline 0.001 -20"><span class='ocrx_word' id='word_1_80' title='bbox 176 2640 295 2720; x_wconf 89' lang='lat' dir='ltr'>Unum,</span> <span class='ocrx_word' id='word_1_81' title='bbox 318 2641 404 2728; x_wconf 86' lang='lat' dir='ltr'>quod</span> <span class='ocrx_word' id='word_1_82' title='bbox 419 2663 626 2727; x_wconf 82' lang='lat' dir='ltr'>unaquaeque</span> <span class='ocrx_word' id='word_1_83' title='bbox 643 2665 723 2728; x_wconf 83' lang='lat' dir='ltr'>gens</span> <span class='ocrx_word' id='word_1_84' title='bbox 744 2643 778 2706; x_wconf 92' lang='lat' dir='ltr'>in</span> <span class='ocrx_word' id='word_1_85' title='bbox 799 2643 908 2708; x_wconf 84' lang='lat' dir='ltr'>nativo</span> <span class='ocrx_word' id='word_1_86' title='bbox 930 2662 988 2709; x_wconf 83' lang='lat' dir='ltr'>suo</span> 
     </span>
     <span class='ocr_line' id='line_1_16' title="bbox 176 2741 990 2828; baseline 0 -19"><span class='ocrx_word' id='word_1_87' title='bbox 176 2742 329 2809; x_wconf 90' lang='lat' dir='ltr'>idiomate</span> <span class='ocrx_word' id='word_1_88' title='bbox 350 2741 511 2828; x_wconf 83' lang='lat' dir='ltr'>peculiare</span> <span class='ocrx_word' id='word_1_89' title='bbox 533 2743 685 2828; x_wconf 89' lang='lat' dir='ltr'>quiddam</span> <span class='ocrx_word' id='word_1_90' title='bbox 699 2745 856 2826; x_wconf 68' lang='lat' dir='ltr'>observat,</span> <span class='ocrx_word' id='word_1_91' title='bbox 880 2743 920 2809; x_wconf 89' lang='lat' dir='ltr'>ad</span> <span class='ocrx_word' id='word_1_92' title='bbox 935 2766 990 2810; x_wconf 90' lang='lat' dir='ltr'>cu·</span> 
     </span>
     <span class='ocr_line' id='line_1_17' title="bbox 175 2843 989 2930; baseline -0.001 -19"><span class='ocrx_word' id='word_1_93' title='bbox 175 2847 229 2912; x_wconf 83' lang='lat' dir='ltr'>ius</span> <span class='ocrx_word' id='word_1_94' title='bbox 254 2867 398 2910; x_wconf 89' lang='lat' dir='ltr'>normam</span> <span class='ocrx_word' id='word_1_95' title='bbox 426 2843 501 2909; x_wconf 91' lang='lat' dir='ltr'>dum</span> <span class='ocrx_word' id='word_1_96' title='bbox 525 2845 710 2930; x_wconf 83' lang='lat' dir='ltr'>peregrinas</span> <span class='ocrx_word' id='word_1_97' title='bbox 739 2845 835 2910; x_wconf 91' lang='lat' dir='ltr'>etiam</span> <span class='ocrx_word' id='word_1_98' title='bbox 862 2843 989 2930; x_wconf 85' lang='lat' dir='ltr'>linguas</span> 
     </span>
     <span class='ocr_line' id='line_1_18' title="bbox 175 2944 988 3028; baseline -0.006 -13"><span class='ocrx_word' id='word_1_99' title='bbox 175 2947 294 3015; x_wconf 84' lang='lat' dir='ltr'>vitiose</span> <span class='ocrx_word' id='word_1_100' title='bbox 308 2947 452 3028; x_wconf 83' lang='lat' dir='ltr'>inflectit,</span> <span class='ocrx_word' id='word_1_101' title='bbox 466 2947 512 3011; x_wconf 92' lang='lat' dir='ltr'>ita</span> <span class='ocrx_word' id='word_1_102' title='bbox 525 2946 563 3008; x_wconf 81' lang='lat' dir='ltr'>fit</span> <span class='ocrx_word' id='word_1_103' title='bbox 576 2944 776 3022; x_wconf 79' lang='lat' dir='ltr'>utGermani</span> <span class='ocrx_word' id='word_1_104' title='bbox 787 2945 988 3027; x_wconf 83' lang='lat' dir='ltr'>Germanice,</span> 
     </span>
     <span class='ocr_line' id='line_1_19' title="bbox 175 3047 989 3135; baseline -0.002 -22"><span class='ocrx_word' id='word_1_105' title='bbox 175 3048 278 3133; x_wconf 88' lang='lat' dir='ltr'>Angli</span> <span class='ocrx_word' id='word_1_106' title='bbox 288 3049 435 3135; x_wconf 88' lang='lat' dir='ltr'>Anglice,</span> <span class='ocrx_word' id='word_1_107' title='bbox 450 3049 568 3115; x_wconf 86' lang='lat' dir='ltr'>Franci</span> <span class='ocrx_word' id='word_1_108' title='bbox 578 3047 733 3113; x_wconf 88' lang='lat' dir='ltr'>Francice</span> <span class='ocrx_word' id='word_1_109' title='bbox 744 3047 877 3112; x_wconf 84' lang='lat' dir='ltr'>Latinas</span> <span class='ocrx_word' id='word_1_110' title='bbox 890 3067 989 3111; x_wconf 85' lang='lat' dir='ltr'>voces</span> 
     </span>
     <span class='ocr_line' id='line_1_20' title="bbox 177 3149 987 3235; baseline -0.006 -19"><span class='ocrx_word' id='word_1_111' title='bbox 177 3149 419 3216; x_wconf 88' lang='lat' dir='ltr'>enuntienttam</span> <span class='ocrx_word' id='word_1_112' title='bbox 429 3151 526 3232; x_wconf 84' lang='lat' dir='ltr'>uarie,</span> <span class='ocrx_word' id='word_1_113' title='bbox 542 3157 577 3213; x_wconf 92' lang='lat' dir='ltr'>ut</span> <span class='ocrx_word' id='word_1_114' title='bbox 591 3149 732 3215; x_wconf 89' lang='lat' dir='ltr'>eruditae</span> <span class='ocrx_word' id='word_1_115' title='bbox 746 3149 875 3235; x_wconf 90' lang='lat' dir='ltr'>quidem</span> <span class='ocrx_word' id='word_1_116' title='bbox 885 3168 987 3228; x_wconf 87' lang='lat' dir='ltr'>aures,</span> 
     </span>
     <span class='ocr_line' id='line_1_21' title="bbox 175 3247 990 3339; baseline -0.005 -25"><span class='ocrx_word' id='word_1_117' title='bbox 175 3272 311 3334; x_wconf 88' lang='lat' dir='ltr'>quarum</span> <span class='ocrx_word' id='word_1_118' title='bbox 325 3253 588 3339; x_wconf 84' lang='lat' dir='ltr'>superbissimum</span> <span class='ocrx_word' id='word_1_119' title='bbox 603 3259 653 3316; x_wconf 85' lang='lat' dir='ltr'>est</span> <span class='ocrx_word' id='word_1_120' title='bbox 668 3250 830 3329; x_wconf 83' lang='lat' dir='ltr'>iudicium,</span> <span class='ocrx_word' id='word_1_121' title='bbox 851 3247 990 3331; x_wconf 85' lang='lat' dir='ltr'>graviter</span> 
     </span>
     <span class='ocr_line' id='line_1_22' title="bbox 175 3346 990 3442; baseline -0.006 -26"><span class='ocrx_word' id='word_1_122' title='bbox 175 3351 388 3419; x_wconf 83' lang='lat' dir='ltr'>offendantur:</span> <span class='ocrx_word' id='word_1_123' title='bbox 404 3355 519 3442; x_wconf 83' lang='lat' dir='ltr'>vulgus</span> <span class='ocrx_word' id='word_1_124' title='bbox 535 3360 641 3417; x_wconf 90' lang='lat' dir='ltr'>autem</span> <span class='ocrx_word' id='word_1_125' title='bbox 656 3351 838 3438; x_wconf 88' lang='lat' dir='ltr'>imperitum</span> <span class='ocrx_word' id='word_1_126' title='bbox 856 3346 990 3413; x_wconf 89' lang='lat' dir='ltr'>totidem</span> 
     </span>
     <span class='ocr_line' id='line_1_23' title="bbox 174 3449 989 3536; baseline -0.001 -21"><span class='ocrx_word' id='word_1_127' title='bbox 174 3449 302 3536; x_wconf 83' lang='lat' dir='ltr'>linguas</span> <span class='ocrx_word' id='word_1_128' title='bbox 329 3455 438 3522; x_wconf 88' lang='lat' dir='ltr'>audire</span> <span class='ocrx_word' id='word_1_129' title='bbox 465 3455 528 3524; x_wconf 84' lang='lat' dir='ltr'>sibi</span> <span class='ocrx_word' id='word_1_130' title='bbox 557 3454 668 3518; x_wconf 89' lang='lat' dir='ltr'>merito</span> <span class='ocrx_word' id='word_1_131' title='bbox 694 3452 849 3518; x_wconf 82' lang='lat' dir='ltr'>videatur.</span> <span class='ocrx_word' id='word_1_132' title='bbox 897 3449 989 3516; x_wconf 90' lang='lat' dir='ltr'>Alte-</span> 
     </span>
    </p>
   </div>
   <div class='ocr_carea' id='block_1_4' title="bbox 0 0 1330 4270">
    <p class='ocr_par' dir='ltr' id='par_1_4' title="bbox 0 0 1330 4270">
     <span class='ocr_line' id='line_1_24' title="bbox 0 0 1330 4270; baseline 0 1"><span class='ocrx_word' id='word_1_133' title='bbox 0 0 1330 4270; x_wconf 95' lang='lat' dir='ltr'> </span> 
     </span>
    </p>
   </div>
  </div>
 </body>
</html>
