2650 4270
322 455 362 518 26
592 452 632 506 De
650 454 867 510 consonantibus.

323 631 382 676 suo
408 627 488 672 sono
508 604 674 692 profertur,
698 629 779 692 quae
801 617 907 672 tamen
926 608 1066 673 uarietas
1087 606 1136 672 fu

324 710 385 776 cilo
410 707 609 774 discernitur.
653 705 788 788 Quoties
811 709 894 773 enim
921 717 994 774 ente
1020 732 1039 772 u
1062 717 1093 774 et
1115 731 1136 772 o

322 833 380 898 pro
394 810 418 896 j
436 817 631 874 consonante
653 818 830 896 usurpatur,
852 810 901 874 illi
922 811 1037 876 subiici
1054 812 1138 877 solet

324 935 351 993 e,
373 934 438 976 non
459 919 495 976 ut
515 909 706 996 proferetur,
730 912 788 976 sed
808 919 844 974 ut
866 911 965 977 silens
987 912 1137 977 ostendet

321 1037 348 1102 g
373 1012 473 1078 iniis
501 1011 693 1077 dictionibus
725 1034 791 1076 non
823 1012 915 1077 aliter
942 1012 1137 1078 efferendum

324 1136 420 1200 quem
443 1121 516 1178 unte
538 1135 555 1176 e
576 1113 757 1194 consuevit,
781 1113 815 1176 id
838 1123 888 1178 est
907 1135 965 1200 pro
979 1114 1003 1199 j
1021 1135 1137 1179 conso·

323 1224 431 1296 nante,
445 1224 482 1278 ut
492 1235 666 1303 mangeone
678 1213 908 1296 (comedimus),
919 1215 998 1279 item
1009 1218 1037 1278 ie
1051 1238 1141 1278 mon-

322 1337 422 1404 gony,
440 1324 472 1378 lu
487 1337 650 1402 mungens,
674 1315 698 1377 il
711 1337 855 1402 mongeu,
872 1337 952 1378 nous
965 1338 1137 1404 mangeor-

325 1437 402 1498 meo,
435 1437 514 1479 cous
541 1424 752 1505 mangonem,
779 1418 818 1479 ils
845 1428 1050 1503 mungeureut
1070 1418 1138 1498 (oo-

324 1516 418 1596 medi,
442 1516 526 1597 disti,
542 1517 597 1599 dit,
615 1518 728 1598 dimus,
745 1516 846 1598 distis,
863 1517 985 1599 derunt,
1002 1519 1137 1604 perinde

326 1639 364 1682 eo
376 1616 403 1683 si
416 1617 607 1682 scriberetur
622 1618 774 1702 merjam,
787 1619 925 1705 nranjoy,
939 1641 1062 1704 mansos
1075 1628 1135 1684 etc.

325 1716 381 1785 Sic
414 1717 565 1785 Germani
594 1719 739 1782 nonnulli
769 1742 828 1806 pro
860 1741 930 1806 ego
966 1743 1139 1807 perperam

329 1821 538 1906 pronuntiant
550 1820 622 1900 eio,
638 1828 670 1884 et
679 1843 737 1906 pro
748 1821 875 1906 gallus
882 1821 1015 1907 jelius.
1042 1820 1139 1887 Unde

324 1919 545 1986 Bituricenses
569 1921 630 2003 juo
664 1943 721 2006 pro
756 1921 863 2004 gallo
897 1931 929 1987 et
965 1921 1054 2004 ojuce
1080 1945 1141 2008 pro

326 2043 438 2108 ugoce,
470 2021 504 2086 id
534 2029 583 2086 est
608 2022 706 2107 pica.
752 2020 808 2088 Sic
836 2022 929 2086 etiam
957 2031 1029 2087 ente
1059 2046 1076 2086 o
1105 2031 1142 2088 ut

322 2120 448 2209 stegen!
470 2123 588 2202 (fistula
604 2123 795 2210 pastoritia).
829 2123 875 2187 At
895 2124 1019 2208 quoties
1035 2133 1142 2190 antee

328 2223 381 2287 vel
414 2224 424 2285 i
456 2223 598 2288 nativum
632 2247 724 2290 suum
757 2247 868 2290 sonum
898 2224 1024 2307 retinet,
1058 2226 1141 2290 solet

325 2323 374 2387 illi
401 2322 497 2388 adiici
528 2325 681 2390 nitidem
703 2326 874 2411 quiescens
908 2326 1021 2392 etheo
1043 2350 1141 2391 unum

326 2424 512 2506 ostendens,
541 2427 684 2510 quemvis
708 2435 859 2512 sequetur
881 2450 897 2488 e
918 2428 971 2492 vel
993 2430 1011 2504 i,
1034 2436 1141 2492 temen

325 2526 434 2590 nativo
458 2547 515 2590 suo
539 2548 618 2591 sono
640 2525 723 2592 huno
743 2528 867 2592 literam
887 2549 960 2594 esse
974 2527 1141 2612 proferen-

329 2626 402 2690 dum
423 2636 459 2690 ut
474 2625 592 2714 langue
607 2637 639 2692 et
653 2628 784 2713 lonqoir,
799 2629 833 2693 in
851 2629 965 2715 quibus
980 2651 1141 2714 nusquam

327 2727 452 2792 auditur
475 2751 505 2805 u,
528 2729 584 2793 sed
606 2729 727 2794 indicet
751 2752 816 2793 non
839 2751 910 2795 esse
932 2717 1140 2816 proferendas

325 2829 405 2894 istus
432 2850 530 2894 voees
558 2839 595 2894 ut
631 2831 659 2895 si
687 2832 876 2896 scriberetur
903 2830 986 2913 lonje
1014 2838 1044 2894 et
1070 2827 1140 2890 lun·

319 2931 374 3014 jir.
419 2930 493 2995 Itali
511 2953 588 2994 vero
609 2931 720 2994 nescio
752 2954 815 3017 que
834 2931 958 2996 ratione
980 2928 1064 2993 huno
1088 2951 1141 2994 so·

326 3056 403 3096 num
432 3053 491 3118 per
517 3031 562 3119 go
597 3033 753 3113 scribunt,
781 3040 816 3095 ut
841 3031 990 3118 siringhe,
1016 3029 1140 3117 ghiotlo

330 3143 362 3199 et
383 3134 511 3199 similia.

390 3335 635 3421 Aspiretionem
649 3331 767 3397 Franci
783 3342 935 3417 quantum
948 3331 1019 3395 fieri
1036 3338 1142 3416 potest

330 3435 504 3517 emolliunt>
528 3435 575 3500 sio
593 3443 700 3498 temen
723 3440 758 3496 ut
779 3433 909 3497 omnino
931 3432 1085 3512 audiatur,
1109 3439 1142 3495 et
