2650 4270
313 423 354 486 22
582 420 621 474 Dc
640 424 858 478 consonantibus.

314 581 388 638 ante
421 595 441 634 a
467 580 499 638 et
534 573 766 660 diphthongum
792 599 848 657 ou,
893 577 970 640 item
1005 584 1077 640 nuto
1107 599 1126 638 o

314 683 347 740 et
366 699 407 736 ou
427 674 667 762 diphthongum,
691 684 723 742 et
744 701 764 740 u
780 687 812 743 et
827 679 860 740 ui
880 676 1125 763 diphthongum,

314 797 428 840 sonum
451 797 543 840 suum
563 778 716 860 nativum,
750 779 954 866 paucissimis
983 778 1126 863 exceptis

312 877 488 960 vocubulis,
507 888 621 960 servat,
633 888 668 944 ut
678 903 733 944 coo
744 883 873 962 (ocsus),
886 901 979 942 cnuce
989 880 1122 962 (causo),

313 979 453 1042 columne
469 980 652 1064 (columna),
673 982 778 1046 coicior
790 982 931 1062 (colare),
945 1001 1034 1043 curer
1056 980 1124 1062 (cu-

311 1083 405 1161 rare),
432 1083 507 1163 cuir,
536 1083 665 1146 corium.
708 1084 755 1147 At
777 1091 850 1147 ante
871 1081 1000 1146 vocales
1023 1103 1040 1141 e
1062 1093 1094 1144 et
1116 1082 1129 1141 i

311 1183 534 1268 pronuntiatur
562 1184 646 1248 sicut
671 1205 687 1246 c
716 1184 881 1263 Latinum,
910 1191 945 1245 ut
972 1204 1008 1244 ce
1035 1189 1068 1245 et
1089 1183 1126 1252 ci,

258 1273 262 1280 ’
316 1305 355 1347 ac
377 1283 406 1348 si
427 1283 582 1368 scriptum
605 1293 691 1351 esset
713 1308 750 1348 se
771 1293 803 1350 et
824 1287 861 1348 ci.

372 1384 451 1471 Dixi
474 1385 579 1472 excipi
601 1386 756 1471 quasdam
769 1408 891 1471 paucas
908 1384 1066 1448 dictiones
1089 1383 1125 1446 in

313 1485 428 1570 quibus
455 1486 565 1550 itidem
592 1494 627 1549 ut
654 1509 670 1549 c
699 1487 851 1552 Latinum
876 1484 1034 1572 profertur
1061 1493 1126 1548 tum

316 1596 390 1652 aute
410 1611 430 1649 α
451 1597 520 1652 tum
543 1595 617 1652 ante
641 1613 670 1660 0,
694 1587 872 1653 cuiusmodi
888 1594 962 1650 suut
976 1609 1023 1661 cn,
1041 1583 1126 1660 deca,

305 1688 420 1770 facco,
447 1689 619 1772 faconner,
645 1688 775 1774 gincon,
797 1711 918 1764 mocon,¹
949 1696 1126 1761 proconner,

320 1779 463 1866 lincheon,
481 1791 630 1874 poincon,
646 1792 853 1873 pcinoonncr,
882 1797 914 1854 et
935 1789 1039 1854 activa
1058 1797 1128 1853 tum

315 1891 486 1976 praeterita
498 1898 567 1954 tum
582 1890 752 1977 participia
773 1893 812 1956 ab
833 1891 967 1955 infinitis
990 1913 1072 1975 quae
1093 1890 1128 1954 in

315 2008 375 2055 cer·
394 1992 553 2072 desinunt,
582 2000 617 2055 ut
645 1989 878 2056 a'conrmenccr
909 1993 947 2056 fit
974 2013 1128 2054 commen·

317 2101 390 2156 ccnt
416 2101 449 2157 et
479 2115 703 2170 commenconc,
732 2116 921 2170 commoneo,
950 2101 982 2156 et
1009 2091 1038 2156 si
1065 2114 1129 2177 quo

316 2203 391 2260 snut
404 2194 562 2260 eiusmodi
572 2219 588 2257 r
598 2196 715 2262 Latino
730 2195 978 2281 pronuntianda3
995 2217 1128 2280 quarum

316 2296 492 2360 dictionum
506 2297 650 2361 nonnulli
667 2297 821 2383 quosdam
842 2297 962 2360 inserta
984 2319 1001 2358 e
1022 2295 1129 2360 vocali

315 2397 502 2482 quiescente
525 2397 677 2479 scribunt,
700 2406 736 2461 ut
758 2419 952 2460 commencen
974 2417 1127 2458 commen·

315 2521 420 2568 ceonc,
445 2497 498 2562 alii
512 2521 602 2578 vero,
627 2499 850 2584 quosomnino
874 2497 1054 2583 sequendos
1077 2519 1128 2560 ar·

316 2598 425 2680 bitror,
440 2599 564 2662 literas
579 2607 733 2685 tanquam
748 2600 850 2664 cauda
865 2600 1002 2684 quodam
1016 2599 1128 2664 literne

316 2723 333 2762 c
356 2701 498 2784 subjecto
519 2708 645 2781 notoni,
669 2710 701 2764 et
721 2701 805 2764 hanc
825 2701 952 2765 literam
974 2723 989 2761 c
1012 2700 1128 2765 caudo-

316 2809 385 2864 tnm
411 2800 633 2885 Hispanorum
659 2809 895 2882 merestonam,
919 2810 955 2864 ut
978 2824 1023 2885 po,
1041 2799 1128 2884 dego,

306 2902 421 2986 sagon,
435 2903 602 2985 seponunt,
625 2925 745 2986 nrnpon,
775 2923 955 2985 mnponncr,
980 2905 1126 2986 poinpon,

309 3006 515 3089 poinponncr,
539 3025 748 3092 commenpny,
770 3025 955 3086 commenga,
977 3024 1129 3065 commen-

317 3127 402 3190 ςοηε,
426 3112 645 3186 commenpnnt.

380 3204 515 3286 Quoties
538 3213 644 3270 autem
665 3204 740 3269 huic
762 3205 873 3270 literae
901 3205 1052 3269 adhaeret
1079 3225 1130 3268 sc-

318 3330 419 3392 qnens
443 3306 610 3391 aspiratio,
640 3328 848 3391 quaecunque
872 3306 991 3370 vocalis
1015 3327 1130 3390 sequn-

316 3416 381 3488 tur,
414 3415 483 3470 tum
515 3407 597 3472 solet
629 3429 737 3472 crosso
770 3407 908 3492 quodam
947 3415 979 3471 et
1017 3406 1129 3492 pingui
