2650 4270
320 427 362 494 88
617 424 656 478 De
674 424 834 478 accentibus.

386 578 567 649 Secunda
587 577 750 664 Regula.
795 576 909 644 Omnis
932 578 1055 665 syllaba
1076 577 1133 644 de-

322 681 433 747 sinens
462 680 498 744 in
521 679 646 744 literam
667 701 696 740 m
717 679 772 744 vel
797 703 818 742 u
843 703 909 746 non
930 679 1133 766 geminatam,

322 782 380 848 sed
413 789 565 867 sequente
598 779 662 844 alia
693 789 904 863 consonante,
938 790 988 848 est
1016 788 1136 845 natura

319 883 424 968 longa.
472 881 535 948 Est
565 881 662 967 igitur
694 880 850 946 endormir
883 879 1041 967 dactylica
1066 903 1136 946 vox

318 1014 400 1066 -νν,
417 982 557 1068 scindre,
594 982 711 1048 leindre
740 983 921 1050 trochaicae
946 1008 1013 1066 -v,
1040 981 1132 1046 bonde

324 1086 501 1174 spondaico
512 1119 584 1168 --,
611 1085 761 1172 temporel
776 1085 934 1172 dactylica
946 1108 1026 1164 -νυ,
1045 1083 1133 1168 quod

321 1189 416 1254 etiam
438 1187 473 1250 in
489 1186 626 1253 diversis
643 1186 836 1252 dictionibus
859 1186 991 1268 accidit,
1013 1195 1049 1249 ut
1069 1183 1132 1247 don

315 1292 394 1375 pois
412 1316 495 1360 -υν,
533 1286 598 1356 Sed
619 1287 697 1374 quid
718 1287 798 1352 sim
818 1288 872 1354 uel
892 1311 913 1350 n
934 1284 1131 1374 geminetur?

320 1399 398 1455 tunc
426 1389 551 1476 syllaba
577 1387 761 1474 corripitur,
791 1397 825 1454 nt
850 1411 976 1468 comme,
1003 1408 1132 1468 comme,

319 1489 433 1574 donne,
464 1489 574 1573 donne,
603 1512 713 1571 conae,
744 1499 837 1554 lonae
862 1515 916 1570 vv,
940 1508 1131 1568 consomme,

319 1590 468 1672 ordonna,
483 1612 627 1671 resonae,
643 1597 771 1654 esionae
787 1621 860 1654 -νν
882 1591 993 1677 (quam
1007 1591 1047 1656 ob
1062 1609 1131 1653 rem

318 1693 416 1758 etiam
430 1713 558 1780 conger,
580 1689 741 1778 desongue
762 1699 794 1757 et
816 1693 932 1758 similia
953 1690 1134 1778 penultima

317 1794 409 1860 brevi
426 1791 654 1880 proferimur),
678 1794 828 1877 quoniam
842 1793 994 1860 videlicet
1006 1789 1042 1856 in
1062 1791 1129 1856 illis

318 1894 446 1980 quidem
478 1893 672 1960 dictionibus
698 1917 763 1961 non
791 1903 857 1960 tam
885 1905 935 1960 est
961 1919 981 1957 a
1011 1895 1131 1982 duplex

318 2019 412 2083 quam
439 1995 569 2060 unicum
596 1994 837 2080 daghessatum,
867 2004 903 2060 ut
929 2003 1063 2082 apparet
1088 2017 1131 2062 ex

318 2096 512 2163 dictionibus
526 2094 651 2160 Latinis
677 2097 762 2162 unde
777 2097 989 2178 deducuntur,
1013 2097 1129 2179 dono,

316 2199 430 2280 bona,
460 2220 570 2279 sono,
593 2204 701 2280 tono,
724 2198 879 2280 ordino,
908 2201 1070 2279 res'ono,
1092 2198 1130 2262 in

316 2299 389 2382 istis
417 2320 494 2364 uero
525 2321 573 2384 gu
606 2298 735 2382 ponitur
766 2321 825 2385 pro
852 2298 951 2364 altero
977 2323 1007 2381 a,
1043 2299 1129 2384 quod

316 2398 412 2464 molle
433 2398 628 2464 vocavimus
671 2397 796 2486 Excipe
818 2387 1041 2473 enneae-w,

279 2529 282 2536 ¹
380 2497 514 2564 Tertia
534 2497 695 2584 Regula.
741 2499 862 2567 Omnes
886 2501 1042 2569 dictiones
1063 2510 1128 2568 ter-

315 2599 454 2665 minatae
484 2622 542 2686 per
569 2622 585 2662 e
608 2599 832 2682 foemininum,
863 2604 1007 2688 proxime
1034 2627 1127 2690 prae—

316 2702 449 2768 cedente
478 2700 600 2783 uocali,
633 2702 815 2786 producunt
838 2703 1057 2790 penultimam,
1092 2714 1129 2771 ut

316 2806 424 2876 civice,
438 2800 669 2884 amie,sondue,
682 2803 770 2866 velue
781 2829 863 2886 ν-ν,
874 2827 954 2885 mise,
965 2829 1037 2890 aue,
1055 2804 1127 2884 due,

305 2905 363 2991 fic,
393 2903 442 2985 lie,
465 2902 556 2988 joue,
579 2902 661 2986 lone,
685 2927 787 2987 moue,
815 2929 904 2981 noue,
927 2907 995 2989 offe,
1012 2905 1138 2994 pluite,

314 3004 397 3088 ioiie,
423 3002 505 3086 oozj'e
524 3027 586 3086 -ν,
610 3005 731 3094 envop'c
753 3031 835 3076 ν-ν.
878 3005 974 3090 Quod
997 3009 1025 3074 si
1045 3009 1138 3086 illud,

315 3128 332 3171 c
349 3104 559 3172 foemininum
574 3115 712 3172 mutetur
726 3107 761 3172 in
776 3130 793 3172 e
807 3109 1026 3194 masculinum,
1048 3119 1127 3177 tuno

315 3209 445 3274 eaedem
481 3205 557 3272 illae
593 3209 787 3294 penultimae
828 3209 1053 3295 corripiuntur,
1090 3219 1128 3276 ut

313 3329 410 3391 muer,
444 3328 533 3390 ouer,
559 3309 633 3394 fier,
666 3308 731 3386 liar,
760 3311 857 3392 iouer,
888 3310 987 3393 doner,
1015 3333 1123 3388 nouat,

314 3408 450 3494 enaiob'er
471 3435 554 3472 -νν,
