2650 4270
508 483 533 536 H
552 486 614 537 ante
632 500 655 540 a.
944 483 984 551 27

176 655 242 697 non
264 655 378 720 aspere
400 657 441 701 ex
461 636 527 700 imo
549 645 674 722 gutture
694 635 808 718 efflata,
832 637 917 722 quod
937 647 988 703 est

175 756 369 822 magnopere
403 735 575 803 Germanis
609 747 640 802 et
675 737 777 819 Italis,
799 739 987 824 praesertim

178 835 310 918 Tuscis,
344 837 589 903 observandum.
648 837 776 903 Deinde
810 839 987 905 cavendum

177 945 331 1019 accurate,
355 959 397 1002 ne
420 938 475 1002 vel
494 939 549 1004 ubi
569 939 706 1024 quiescit
726 938 874 1004 efferat-ur
901 940 987 1026 (qui-

178 1039 239 1104 bus
254 1048 359 1104 antem
373 1039 408 1102 in
422 1040 587 1105 vocabulis
604 1041 757 1126 quiescat,
779 1041 896 1126 partim
908 1063 987 1107 usus

177 1138 282 1222 docet,
310 1141 426 1226 partim
448 1141 543 1206 etiam
566 1164 624 1206 suo
645 1141 718 1207 loco
742 1141 907 1224 dicemus),
935 1141 988 1207 vel

175 1239 231 1304 uti
257 1243 493 1328 pronuntianda
527 1252 576 1308 est
607 1243 890 1329 praetermittatur,
925 1263 987 1328 quo

177 1341 256 1406 vitio
288 1344 434 1429 purgatis
477 1345 606 1409 auribus
643 1343 870 1409 molestissimo
906 1342 989 1408 Bur-

176 1443 285 1528 gundi,
307 1445 537 1527 Bituricenses,
565 1444 798 1529 Lugdunenses
833 1453 865 1509 et
884 1444 990 1529 Aqui-

177 1545 245 1608 tani
265 1568 349 1633 pene
373 1569 484 1612 omnes
505 1547 663 1626 laborant,
685 1544 928 1631 pronuntiantes
951 1567 988 1607 en

179 1645 430 1725 nultloullesse,
443 1648 630 1734 l'ocqueuee,
647 1643 777 1719 tozurd,
787 1645 832 1709 les
846 1667 990 1708 ouseouc

181 1768 240 1832 pro
262 1771 300 1810 en
321 1747 418 1827 lauit,
441 1747 472 1810 lo
494 1747 662 1824 hortlleme,
693 1746 724 1809 lo
746 1746 933 1831 hocquenee,
961 1744 990 1810 le

175 1845 304 1924 hasard,
327 1849 373 1912 lec
395 1849 568 1912 lrouseaux.
601 1846 728 1927 Quibus
750 1856 857 1911 autem
877 1846 911 1909 in
933 1869 990 1911 vo·

179 1949 270 2016 cibus
294 1958 386 2016 sonet
408 1973 448 2015 ex
471 1949 704 2035 quiescentium
726 1948 913 2013 recensione
929 1949 990 2014 etsi

179 2050 276 2118 facile
297 2051 393 2116 luerit
412 2051 569 2131 iudicare,
597 2049 718 2135 placuit
738 2058 845 2113 tamen
864 2049 992 2114 illorum

178 2152 214 2217 in
235 2154 351 2238 quibus
373 2153 499 2217 auditur
519 2151 688 2237 plerasque
712 2173 905 2234 enumerare,
929 2175 991 2238 quo

177 2251 303 2318 facilius
337 2253 399 2319 sibi
432 2253 568 2338 quisque
602 2252 641 2316 ab
673 2251 729 2314 illo
762 2245 840 2316 vitio
874 2275 991 2319 cavere

177 2356 292 2441 possit.
342 2355 382 2420 In
407 2354 519 2418 harum
551 2352 649 2437 igitur
682 2352 856 2417 dictionum
887 2353 990 2420 initiis

180 2457 333 2544 aspiratio
354 2454 594 2542 pronuntiatur:

483 2607 527 2682 H
548 2618 631 2682 ante
659 2634 694 2683 a.

180 2757 244 2842 Ho,
267 2759 446 2824 interiectio
470 2757 678 2824 exclamantis
702 2766 734 2823 et
755 2758 919 2824 imitantis.

181 2859 298 2938 Haste,
320 2860 421 2926 hasta.

180 2959 302 3036 Halier,
326 2962 497 3027 dumetum.

182 3059 273 3140 Hoir,
296 3061 413 3145 odisse,
437 3084 510 3126 cum
532 3061 679 3126 omnibus
703 3059 866 3124 derivatis.

181 3161 291 3229 Hoire.
315 3163 463 3228 cilicium.

183 3259 317 3342 Hoiron,
340 3264 443 3329 ardea.

183 3363 271 3441 Hau,
292 3374 385 3430 vetus
406 3366 540 3430 verbum
551 3362 713 3429 Gallicum
736 3383 798 3446 quo
821 3356 920 3422 animi
942 3376 995 3418 ac-

122 3461 127 3471 ’
226 3465 420 3550 quiescentis
461 3465 610 3530 alacritas
652 3463 864 3548 significatur,
910 3455 995 3522 unde

226 3566 353 3630 coaluit
373 3575 406 3632 et
427 3565 607 3630 soudaittcr.
