2650 4270
330 468 372 532 40
605 468 642 521 De
662 469 875 522 consonantibus.

331 628 437 686 tamen
459 642 491 702 r,
524 643 616 686 suum
648 623 792 688 nativum
821 645 933 689 sonum
959 632 1078 704 servat,
1108 633 1145 689 ut

332 720 533 786 conrbuorinn.
588 721 714 804 Quodsi
751 725 922 791 dictionem
951 726 1056 807 finiat,
1092 748 1144 792 se-

333 834 448 909 quente
476 847 664 910 quacunque
692 835 902 908 consonante,
931 827 1080 912 quiescit,
1109 835 1145 892 ut

333 947 391 991 suo
417 927 489 992 loeo
518 927 669 993 dicemus.
714 926 780 994 Sed
799 927 875 994 hnic
895 928 1006 993 literae
1027 927 1144 992 mirum

333 1027 483 1112 quiddam
516 1029 646 1109 accidit,
679 1051 793 1115 nempe
823 1037 872 1111 ut,
906 1029 961 1095 ubi
987 1050 1145 1114 nusquam

335 1138 481 1214 apparet,
508 1138 615 1195 tamen
638 1130 815 1215 euphoniae
837 1152 935 1196 eausa
960 1129 1145 1216 pronuntie-

331 1237 392 1310 tur,
415 1239 451 1294 ut
466 1230 493 1296 si
510 1231 633 1297 scribas
650 1232 744 1318 paule
765 1229 788 1294 il
810 1231 1047 1316 (loquuturneij,
1068 1253 1144 1316 pro-

331 1331 544 1396 nuntiandum
566 1334 626 1398 erit
647 1333 835 1420 interposito
859 1343 879 1415 r,
902 1333 998 1398 etiam
1019 1342 1146 1398 servato

334 1453 351 1494 c
372 1431 538 1513 foemineo,
558 1435 707 1519 parler-ii.
751 1434 807 1502 sio
828 1435 861 1499 in
877 1434 980 1500 tertiis
994 1433 1144 1520 personis

334 1534 549 1618 singularibus
570 1536 667 1600 futuri
683 1536 849 1602 indicativi
865 1535 957 1616 iro-il,
974 1533 1147 1621 perlem-il

333 1645 365 1700 et
385 1636 564 1721 praesentis
591 1638 688 1703 etiam
708 1637 872 1702 indicandi
898 1638 932 1701 in
954 1634 1146 1721 quibusdam

332 1737 454 1817 verbis,
483 1746 518 1801 ut
545 1739 628 1800 oa-il
649 1739 797 1804 scribitur
819 1737 959 1824 quidem,
991 1737 1049 1802 sed
1069 1759 1145 1823 pro-

331 1839 496 1901 nuntiatur
510 1840 618 1920 irat-il,
637 1840 826 1924 perierat-il,
851 1863 944 1926 quam
958 1838 1146 1925 pronuntia-

332 1936 452 2009 tionem
467 1942 661 2009 reoentiores
677 1943 805 2028 quidam
827 1943 868 2007 ad
886 1963 1029 2008 normam
1043 1938 1145 2023 scrip-

332 2054 423 2112 turae
446 2045 590 2131 exigunt3
621 2045 677 2110 sed
700 2044 761 2109 hoo
787 2053 872 2109 oerte
900 2043 1005 2108 facere
1032 2039 1145 2105 saitem

334 2155 400 2214 non
418 2156 555 2234 possunt
573 2146 607 2210 in
626 2145 719 2210 tertia
732 2167 871 2231 persona
886 2143 1040 2229 singulari
1054 2163 1147 2226 prae-

333 2249 435 2314 sentis
462 2247 614 2334 temporis
646 2246 812 2311 indicativi
841 2245 963 2331 primae
992 2233 1155 2327 coniuga-¹

331 2351 439 2430 tionis,
463 2358 498 2412 ut
529 2351 608 2410 niune
631 2347 671 2408 u?
704 2347 839 2413 Veteres
872 2355 976 2411 antem
1007 2343 1143 2408 maiores

332 2460 460 2517 nostros
475 2449 586 2514 tertias
601 2470 757 2534 personas
773 2448 951 2533 singulares
969 2455 1036 2510 tum
1050 2465 1144 2529 prae-

331 2552 497 2618 teriturum
511 2551 730 2636 perfectorum,
754 2558 789 2613 ut
803 2553 884 2611 nimo
901 2548 1053 2632 (amavit),
1075 2554 1146 2608 tum

331 2655 516 2733 futurorum,
539 2661 574 2715 ut
596 2654 728 2733 nituere,
756 2651 925 2737 scripsisse
952 2658 983 2714 et
1003 2669 1145 2733 pronun-

333 2757 433 2820 tiasse
452 2753 558 2819 addito
577 2762 597 2834 t,
615 2754 700 2839 quod
721 2753 817 2818 scribi
836 2751 986 2839 paulatim
1003 2749 1143 2829 desierit,

332 2856 452 2920 indicat
477 2854 720 2940 Burgundorum
748 2853 917 2933 dialectus,
953 2853 1007 2937 qni
1038 2851 1142 2916 adhue

333 2955 429 3020 hodie
452 2955 595 3020 scribunt
617 2966 649 3020 et
670 2955 883 3043 pronuntiant,
906 2953 946 3018 „lc
961 2977 1010 3032 oo,
1026 2960 1059 3014 tu
1073 2973 1143 3031 cnr,

333 3058 356 3119 il
387 3065 441 3119 unt
471 3067 502 3121 et
524 3059 638 3138 i'nimn,
677 3065 709 3119 tu
743 3059 852 3133 nimus,
886 3055 908 3117 it
928 3057 1024 3116 nitunt
1056 3062 1088 3116 et
1114 3053 1143 3115 ie

328 3157 469 3243 puniero,
492 3167 524 3219 ln
543 3157 698 3242 pnrlerns,
723 3155 746 3219 il
758 3158 912 3242 ¹punierat.

688 3310 778 3384 Xe.

396 3462 489 3528 Haec
525 3461 618 3526 litera
652 3462 687 3525 in
722 3459 901 3546 peregrinis
938 3458 1142 3540 dictionibus,

331 3565 524 3630 necessitate
546 3563 682 3647 quadam
695 3561 870 3627 Francicae
888 3560 1016 3645 linguae
1036 3559 1143 3624 sunu·
