2650 4270
542 382 580 436 Oi.
618 382 665 436 Ou.
702 383 739 438 Ie.
982 383 1022 447 55

215 535 268 599 vel
288 533 516 620 Delphinatum
548 546 579 600 et
601 534 818 602 Sabandorum
839 536 951 601 vitium
973 558 1024 602 sc·

215 659 356 722 quamur,
381 637 435 723 qui
458 659 562 701 errore
585 637 743 701 contrario
767 661 783 700 o
806 659 863 722 pro
888 660 928 699 ou
949 659 1023 722 pro·

213 737 327 819 ferunt,
351 746 386 802 ut
408 761 478 823 cop,
501 737 650 822 beoueop,
676 741 716 818 oi,
743 747 884 817 torrerent,
912 736 1024 800 dolour

215 861 273 923 pro
296 863 387 925 coup,
408 837 579 925 beaucoup,
604 843 664 914 oui,
688 848 850 918 tourment,
873 838 1013 902 douleur.

596 1095 645 1168 Ie.

278 1242 371 1310 Haec
394 1246 488 1310 etiam
510 1257 644 1330 utraque
671 1244 793 1310 vocalis
815 1243 931 1330 raptim
952 1267 1026 1328 pro-

215 1345 362 1409 nuntiata
389 1347 541 1412 coalescit
572 1347 607 1409 in
635 1347 761 1412 unicam
795 1347 958 1432 syllabam,
991 1349 1026 1408 ut

216 1442 298 1508 hiere
320 1445 444 1530 (zytum
465 1449 519 1514 vel
542 1447 733 1532 sandapila),
756 1446 835 1511 liede
858 1446 1025 1530 (tepidus),

217 1545 394 1631 dissyllaba
427 1557 458 1613 et
492 1549 667 1614 foeminina
694 1549 801 1613 omnia
827 1547 985 1612 adiectiva
1008 1569 1027 1610 a

215 1647 403 1714 masculinis
425 1651 459 1713 in
481 1652 535 1728 ier,
556 1658 592 1713 ut
614 1653 735 1722 callere,
756 1649 909 1726 mererere,
924 1646 1027 1710 obam-

217 1746 329 1822 brr'ere,
359 1759 427 1815 tum
451 1761 525 1836 post
551 1749 765 1836 diphthongos
788 1753 834 1829 αι’,
864 1758 898 1812 ut
916 1749 1025 1833 plor'y'e,

218 1851 259 1931 οἱ,
273 1859 307 1913 ut
319 1851 399 1932 ioije,
413 1852 537 1933 ioijeue,
551 1855 593 1931 αι’,
609 1862 644 1915 ut
657 1850 797 1933 eecuiy'cr,
806 1851 952 1932 enumjer,
959 1861 1028 1916 tum

217 1961 291 2016 ante
311 1951 377 2016 din
390 1953 484 2017 unico
497 1953 624 2017 nomine
639 1952 717 2036 pr'ed
727 1955 821 2038 (pes),
835 1962 869 2017 ut
884 1953 1028 2018 scribunt

217 2061 249 2115 et
263 2054 470 2138 pronuntiant
483 2054 605 2138 integre
623 2054 759 2134 Picardi,
777 2064 844 2118 tum
863 2063 935 2118 ante
953 2051 974 2134 l,
993 2063 1028 2117 ut

217 2154 284 2234 ciel,
296 2155 367 2239 fiel,
389 2155 469 2236 miel,
495 2157 561 2219 viel.
605 2155 720 2220 Itidem
742 2167 815 2221 ante
837 2179 857 2216 n
881 2156 934 2220 vel
956 2177 1028 2219 cum

216 2253 290 2338 ipsa
311 2255 508 2342 diphthongo
534 2256 733 2336 coalescens,
761 2267 797 2319 ut
822 2254 900 2336 bien,
930 2255 1027 2336 chien,

216 2354 251 2418 in
273 2356 389 2440 quibus
410 2367 523 2422 tamen¹
539 2356 671 2422 vocibus
694 2357 831 2423 diximus
847 2381 863 2420 e
878 2369 913 2420 ut
928 2359 939 2418 i
953 2380 1027 2441 pro·

216 2455 301 2538 ferri,
326 2458 393 2522 acsi
416 2458 569 2542 scriptum
593 2459 634 2522 sit
654 2456 726 2539 tim,
751 2458 840 2540 elrir'n,
859 2457 913 2522 vel
935 2480 1027 2542 sepa·

217 2557 309 2621 ratim
339 2566 375 2621 ut
396 2557 510 2637 chione,
536 2563 633 2624 miene
660 2559 852 2644 dissyllaba,
880 2557 1028 2621 Estienne

217 2658 428 2743 trisyllabum.
483 2659 563 2724 Item
594 2669 667 2726 ante
694 2684 721 2742 r,
757 2661 825 2725 sive
859 2659 894 2723 in
926 2659 1028 2744 prima

219 2760 353 2844 syllaba,
381 2769 416 2824 ut
445 2763 620 2824 tierremerrt
651 2761 865 2846 trisyllabum,
898 2761 966 2825 sive
993 2760 1025 2824 in

218 2861 292 2941 fine,
316 2869 351 2924 ut
373 2864 456 2925 ueier
478 2861 653 2948 (chalybs),
678 2861 797 2924 corelier
820 2871 851 2926 et
863 2863 939 2948 fler,
962 2860 1027 2923 hier

216 2964 446 3048 monosyllaba,
472 2963 624 3027 chevalier
648 2964 863 3048 trisyllabum,
881 2963 1027 3047 premier,

210 3067 339 3148 punior,
383 3067 498 3150 lrr'pier,
535 3067 656 3151 requier
697 3063 867 3148 (requiro),
910 3061 1028 3124 brosier

218 3163 381 3249 (prunae),
397 3166 598 3230 chaussetr'er.
620 3165 745 3249 Excipe
761 3164 902 3228 infinitos
918 3184 1027 3226 omnes

217 3266 330 3332 modos
344 3270 513 3334 verborum
529 3268 704 3334 activorum
725 3265 760 3328 in
775 3267 818 3326 ier
833 3265 1027 3344 desinentes,

218 3367 273 3450 qui
295 3391 405 3434 omnes
427 3393 484 3455 per
507 3363 659 3434 dociliora
681 3365 891 3450 proferuntur,
919 3379 953 3428 ut
963 3364 1029 3448 fier
