2650 4270
347 474 389 541 80
596 473 636 530 De
654 475 738 530 literis
755 475 961 546 quiescentibus.

348 627 387 692 ils
417 626 528 704 disent,
556 649 637 714 quae
666 628 714 694 sic
744 627 931 709 efferuntur,
964 626 1033 696 acsi
1064 628 1168 716 scrip·

347 737 418 794 tum
450 736 538 794 esset
568 727 593 791 il
623 738 679 793 ont
710 727 758 794 die
788 739 821 796 et
853 734 866 794 i
891 730 1002 813 dicem,
1030 731 1128 796 etiam
1155 728 1169 793 l

349 828 545 916 quiescente.
594 830 684 896 Intra
719 831 824 919 ipsam
859 841 967 899 cutem
993 831 1169 897 dictionem
1251 887 1254 892 .

347 953 513 1018 nunquam
537 931 679 1018 iungitur
705 931 788 999 baec
808 932 903 999 litera
923 955 996 999 cunr
1021 930 1112 999 duel
1146 929 1171 995 d

350 1034 403 1099 vel
422 1033 451 1116 f
473 1033 527 1099 vel
551 1055 578 1122 g
603 1031 656 1098 vel
685 1032 698 1095 1
723 1034 778 1100 vel
806 1035 896 1101 rvel
919 1058 936 1100 u
959 1041 1168 1101 consonante.

351 1134 533 1221 Supersunt
564 1142 670 1199 autem
692 1155 737 1216 ec,
769 1157 827 1217 em,
859 1159 909 1218 en,
933 1157 982 1222 cp,
1005 1157 1043 1222 eq
1071 1143 1104 1200 et
1124 1143 1167 1216 st,

352 1258 432 1323 quas
468 1235 577 1302 literas
606 1236 800 1302 antecedens
827 1236 985 1303 interdum
1020 1235 1168 1323 quiescit,

350 1337 512 1403 interdum
530 1336 765 1424 pronuntietur,
789 1339 875 1424 quod
895 1359 958 1404 usu
983 1337 1091 1425 potius
1120 1336 1170 1402 di·

353 1439 453 1508 scitur
474 1429 569 1526 quam
599 1438 664 1504 ulla
696 1439 816 1525 regula.
850 1437 1028 1506 Possumus
1061 1447 1171 1504 tamen

354 1541 478 1627 aliquid
498 1540 538 1606 de
563 1538 615 1606 his
644 1561 770 1625 quoque
797 1540 930 1628 syllabis
950 1541 1089 1622 tradere,
1110 1539 1172 1606 sed

352 1643 399 1709 ita
432 1640 692 1726 intelligendum,
729 1649 765 1704 nt
799 1643 1004 1728 exceptiones
1036 1642 1076 1708 ab
1107 1663 1172 1707 usu

350 1752 511 1830 petuntur.

416 1843 505 1928 Ergo
527 1865 544 1906 e
565 1843 601 1907 in
621 1865 657 1906 eo
678 1842 834 1929 quiescit,
864 1853 900 1908 ut
922 1864 1007 1926 econ,
1035 1844 1171 1922 opuooir,

354 1953 391 2012 ut
410 1944 556 2011 nonnulli
578 1943 732 2010 scribunt.
775 1943 847 2010 Nec
868 1943 954 2010 enim
975 1945 1092 2011 desunt
1114 1943 1171 2030 qui

355 2046 549 2112 comittunt
583 2042 640 2111 Sic
655 2044 751 2109 etiam
771 2045 1015 2130 pronuntiamus
1038 2047 1171 2127 sciense,

354 2147 591 2235 aquiescente.

419 2247 460 2314 In
485 2270 534 2311 em
563 2246 658 2312 etiam
686 2246 839 2332 quiescit,
880 2254 916 2310 ut
942 2243 1066 2329 clesma,
1093 2268 1174 2332 quu-

356 2370 472 2425 resme,
504 2346 637 2429 bloome,
671 2346 707 2412 in
734 2347 849 2434 quibus
875 2346 1002 2412 videtur
1028 2369 1046 2412 s
1074 2347 1174 2414 scribi

357 2450 400 2516 ad
424 2448 662 2536 producendam
691 2448 846 2514 duntaxat
872 2448 1043 2534 syllabam,
1074 2449 1174 2535 idque

356 2573 424 2616 non
454 2573 554 2637 parvo
588 2551 705 2635 abusu,
739 2572 837 2637 quum
867 2549 979 2616 literae
1010 2571 1078 2616 non
1109 2549 1176 2616 sint

357 2651 518 2733 inventae,
529 2659 565 2716 ut
574 2650 845 2738 pronuntiationis
858 2648 1068 2737 quantitatem
1074 2651 1176 2738 signi·

357 2753 465 2818 ficent.
498 2750 555 2819 Sic
568 2752 812 2839 pronuntiamus
835 2759 979 2838 correpte
994 2773 1095 2816 creme
1113 2774 1175 2837 pro

359 2874 533 2920 cremore
546 2852 656 2930 lactis,
677 2877 737 2941 pro
753 2852 968 2920 chrismate
982 2874 1062 2919 vero
1075 2851 1176 2939 longa

358 2953 537 3041 penultima
562 2955 732 3022 scribimus
754 2976 880 3020 cresmc.

423 3054 464 3121 In
478 3076 518 3119 sn
532 3055 644 3123 itidem
658 3056 808 3144 quiescit,
823 3065 860 3120 ut
874 3055 985 3120 chesne
1000 3058 1176 3144 (quercus).

360 3155 418 3224 Sic
438 3156 585 3222 nonnulli
606 3156 751 3223 scribunt
771 3157 881 3222 Rosne
901 3179 960 3244 pro
974 3157 1177 3224 Rhodano.

360 3256 497 3325 Veteres
519 3258 703 3325 scribebant
731 3267 764 3324 et
787 3258 911 3345 integre
926 3260 1084 3326 sonabant
1097 3260 1180 3325 ionel

363 3359 495 3444 (velox).
602 3357 604 3362 ’
1238 3441 1241 3448 .

426 3459 466 3525 In
497 3481 536 3547 sp
570 3460 748 3547 plerunque
780 3485 846 3530 non
878 3461 1030 3549 quiescit,
1063 3470 1099 3525 ut
1130 3483 1181 3527 eo-
