2650 4270
450 458 558 527 regulae
580 459 724 528 generales.
954 465 992 528 11

186 609 369 675 similitudo.
417 609 492 676 Hoc
522 609 620 695 igitur
648 611 803 698 imprimis
836 623 887 679 est
912 615 994 683 Ger-

183 711 286 777 manis
316 711 548 798 providendum
578 721 611 777 et
643 714 855 780 attentissime
885 717 995 782 obser-

183 812 332 894 vandum,
354 820 389 877 ut
410 834 483 878 sese
501 811 577 878 huic
597 813 789 880 volubilitati
810 837 905 901 quam
927 827 993 883 stu-

185 911 368 980 diosissime
391 913 615 980 assuefaciant.

247 1012 332 1080 Sunt
345 1022 450 1080 autem
463 1015 597 1082 Francis
614 1017 726 1082 literae
741 1017 855 1102 viginti
872 1028 903 1084 et
920 1042 992 1086 una.

93 1187 96 1194 Ι
183 1114 266 1180 Nam
293 1115 424 1182 duarum
455 1139 537 1203 quae
566 1141 586 1182 a
615 1117 778 1184 nonnullis
805 1118 995 1186 adiiciuntur

182 1239 248 1282 una
274 1219 403 1304 quidem
428 1241 544 1305 nempe
565 1219 599 1301 t,
625 1218 744 1284 nullius
771 1227 933 1302 setosus,
959 1229 995 1286 ut

184 1318 283 1386 scribi
305 1321 433 1406 quidem
453 1319 610 1386 Francius
630 1319 741 1404 lingua
755 1319 794 1384 ab
810 1321 897 1385 omni
911 1343 994 1407 pene

184 1441 265 1484 aevo
287 1421 468 1488 cousuevit:
496 1422 596 1486 altera
616 1443 693 1487 vero
715 1442 832 1505 nempe
848 1445 877 1510 y
899 1444 995 1507 quam

182 1521 198 1582 e‘
221 1513 375 1584 Graecum
401 1521 565 1608 appellant
589 1544 648 1608 per
671 1521 834 1586 inscitiam
854 1521 993 1606 irrepsit,
1070 1536 1072 1540 '

185 1641 283 1705 quum
305 1621 348 1686 sit
363 1623 482 1708 duplex
499 1625 522 1685 ii
533 1623 654 1705 vocale,
677 1631 712 1687 ut
727 1644 784 1687 suo
799 1622 871 1687 loco
887 1630 994 1687 osten·

184 1720 306 1788 demus.
353 1722 479 1810 Harum
512 1732 618 1790 autem
647 1723 847 1789 characteres
879 1724 994 1789 nonii

185 1822 301 1907 quibus
318 1825 512 1912 typographi
530 1833 660 1890 utuntur
680 1823 748 1889 sive
768 1822 905 1887 Romani
924 1824 994 1891 sive

183 1919 290 1989 Italici
328 1926 398 1991 sive
430 1925 562 1993 Gothici
592 1947 672 2012 quos
705 1933 835 2004 vocant,
870 1925 928 1991 sed
959 1927 994 1992 hi

184 2033 259 2089 sunt
277 2049 354 2092 vere
378 2026 526 2093 Francici
547 2049 628 2113 quos
652 2025 775 2092 subieci
797 2046 871 2090 cum
893 2025 993 2092 Grae·

185 2125 245 2207 cis,
280 2149 299 2192 a
327 2127 443 2212 quibus
471 2128 638 2193 manifeste
669 2134 743 2192 sunt
770 2125 914 2211 plerique
939 2129 994 2194 de-

184 2228 310 2312 sumpti,
333 2235 369 2292 ut
387 2229 496 2294 mirari
516 2228 662 2294 nonnulli
682 2227 829 2293 desinant
850 2238 993 2314 repertas

183 2349 203 2391 a
230 2325 370 2394 Caesare
401 2331 436 2394 in
461 2329 685 2395 Helvetiorum
717 2327 831 2393 castris
866 2330 992 2397 tabulas

184 2427 319 2496 Graecis
344 2431 446 2498 literis
468 2439 622 2497 exaratas.
655 2425 659 2433 ’

235 2547 327 2602 Graeci
350 2549 520 2604 characteres.
589 2549 658 2604 Vere
680 2547 798 2600 Franciei
822 2546 993 2606 characteres.

319 2636 417 2696 -Aoc
740 2631 811 2695 Aa

337 2733 408 2814 Ββ
741 2729 810 2796 Bb
924 2815 927 2824 ,

741 2835 802 2896 Co

737 3037 805 3100 Ee
