2650 4270
406 454 474 512 Ean.
510 457 566 510 Icu.
604 458 651 510 lei
687 457 752 510 Ueu.
949 461 989 524 59

178 607 237 690 tim
268 609 522 693 pronuntiandae
562 609 750 690 assuefiant,
791 620 902 695 utpote
937 611 991 695 qui

178 708 262 771 Dico
294 710 385 794 quasi
419 709 627 794 dissyllabum
669 723 700 774 et
729 711 856 796 quidem
885 711 990 796 priore

178 810 333 894 producta
351 810 491 895 proferre
513 813 745 877 consueverint.
783 811 826 876 Et
844 813 906 876 hae
921 812 991 896 qui-

180 909 252 974 dem
278 921 351 975 sunt
378 935 472 999 verae
493 913 703 998 triphthongi3
732 937 813 998 quae
841 936 917 978 vero
941 936 991 978 se-

180 1025 318 1096 quuntur
346 1023 419 1078 sunt
445 1015 655 1094 adulterinae,
690 1037 803 1098 nempe
836 1017 885 1095 ici,
919 1038 991 1095 ceu,

181 1121 216 1176 eb
239 1115 302 1176 oud

551 1267 615 1342 Icc'.

244 1415 299 1482 Sic
316 1418 464 1482 scribitur
478 1418 558 1484 haec
579 1442 642 1483 vox
666 1418 766 1481 vieille
789 1419 933 1500 (vetula),
957 1419 993 1483 in

180 1541 244 1604 qua
264 1520 386 1583 vocalis
415 1522 427 1580 i
448 1519 634 1604 apponitur,
663 1543 729 1584 non
750 1529 785 1582 ut
806 1519 991 1605 proferatur,

181 1621 239 1686 sed
260 1629 295 1683 ut
310 1621 456 1685 ostendat
471 1621 588 1706 duplex
610 1620 633 1681 ll
655 1643 727 1684 osse
742 1621 878 1684 molliter
894 1642 993 1683 enun-

179 1721 336 1801 tiandum,
367 1721 449 1785 siout
475 1722 509 1784 in
537 1722 549 1783 l
574 1721 666 1784 litera
693 1721 866 1784 docuimus.
911 1720 993 1784 Nam

182 1821 301 1906 alioqui
329 1822 604 1906 pronuntiaremus
633 1822 708 1884 oiclc
735 1844 792 1906 pcr
819 1820 954 1906 simplex
982 1820 994 1882 l

182 1932 214 1986 ot
239 1923 327 2008 prius
359 1934 555 2006 capertum,
591 1924 676 2008 quod
710 1934 759 1987 est
792 1921 993 1986 instrumenti

180 2023 344 2088 cuiusdam
366 2023 480 2087 musici
503 2047 629 2088 nomen.

545 2202 628 2250 uella

243 2328 293 2392 Ne
314 2327 394 2392 haec
417 2329 543 2413 quidem
565 2337 614 2392 est
637 2326 872 2412 triphthonguS,
896 2348 992 2409 quum

182 2428 217 2492 in
246 2428 306 2492 hac
338 2429 431 2492 trium
463 2430 623 2495 vocalium
656 2428 814 2512 congerie,
853 2427 923 2492 sola
955 2449 993 2489 cu

180 2529 397 2616 diphthongus
426 2532 586 2612 audiatur,
620 2553 640 2591 u
668 2529 772 2592 vocali
800 2529 992 2613 praeposita,

180 2653 247 2694 non
271 2639 306 2692 ut
332 2631 493 2714 efferatur,
527 2633 584 2696 sed
606 2640 642 2694 ut
663 2629 824 2710 ostendat,
859 2628 994 2713 cvelg

181 2730 318 2811 literam,
342 2753 436 2816 quum
458 2743 531 2798 ante
553 2757 569 2796 e
592 2732 707 2811 soleat,
733 2730 790 2793 illa
810 2729 938 2813 quidem
959 2739 994 2792 ut

182 2853 210 2912 a,
233 2833 296 2896 ista
315 2856 390 2898 vero
413 2842 446 2898 ut
460 2834 481 2917 j
501 2855 681 2900 consonans
707 2831 914 2917 pronuntiari,
936 2852 994 2893 na-

181 2934 247 2999 tivo
264 2958 321 3000 suo
338 2957 425 3016 sono,
449 2936 504 3000 ubi
521 2935 601 3000 haec
617 2933 831 3018 diphthongus
848 2930 992 3005 occurrit,

183 3059 255 3101 esse
269 3036 499 3122 proferendam,
520 3046 557 3100 ut
571 3058 665 3103 cucur
690 3033 787 3116 (cor),
811 3033 903 3116 quasi
918 3031 993 3092 bear

184 3139 316 3218 scribas,
327 3137 445 3225 gracule
458 3137 567 3222 (gula),
578 3159 688 3222 guerra
701 3131 991 3217 (mendicabulum).

183 3236 238 3304 Sic
261 3239 355 3303 etiam
379 3239 528 3303 scribitur
554 3249 648 3304 vetus
672 3237 832 3304 Gadlioum
852 3231 993 3296 vocabu·
1083 3233 1085 3238 '

182 3339 248 3404 lum
269 3363 372 3426 quens
395 3339 561 3424 (coquus).
