2650 4270
327 441 368 508 76
568 441 607 496 De
625 441 708 496 literis
726 442 933 544 quiescentibus.

326 593 481 659 traductis
509 594 658 660 scribitur
681 596 811 682 quidem
841 595 897 661 sed
925 595 1076 681 quiescit,
1104 605 1143 662 ut

326 691 445 757 taliter
476 693 645 778 (habitare)
684 719 757 764 cum
793 696 961 778 derivatis,
993 695 1142 763 labitudc

327 792 565 878 (consuetudo),
586 795 726 862 hobiliter
742 797 1006 882 (consuefacere),
1028 797 1143 866 helene

327 895 486 981 (halitus),
512 895 639 960 hulener
658 898 806 983 (efflare),
828 900 947 966 heresie
968 897 1140 982 (haeresis)

327 1019 399 1082 cum
441 997 607 1080 derivatis,
653 999 787 1066 Hebriue
827 999 1024 1084 (Hebraeus)
1067 1021 1141 1066 cum

328 1097 490 1180 derivatis,
508 1099 667 1182 Heroides,
682 1100 771 1164 helec
786 1101 887 1187 (heu),
902 1101 1032 1183 Helene,
1048 1099 1141 1165 Heli-

328 1222 400 1282 con,
421 1197 572 1283 helebore,
601 1201 678 1265 leur
699 1203 782 1284 (sors
804 1205 980 1291 prospere),
1003 1201 1142 1266 leureux

330 1299 445 1383 (felix),
473 1302 568 1366 heure
589 1301 709 1387 (hore),
730 1302 842 1368 leuiter
857 1303 1023 1390 (consequi
1047 1303 1142 1370 here·

329 1401 472 1485 dilatem)
510 1424 584 1468 cum
618 1403 786 1486 derivatis,
817 1404 976 1486 Herodes,
1008 1403 1140 1486 Hilaire,

327 1503 464 1586 histoire,
486 1503 554 1567 loir
579 1504 700 1588 (heres)
728 1526 800 1570 cunr
826 1505 992 1587 derivatis,
1020 1505 1143 1568 homme

330 1605 451 1690 (homo)
465 1627 543 1672 eum
564 1605 730 1687 derivatis,
758 1605 897 1671 honneur
919 1604 1044 1688 (honor)
1068 1627 1142 1671 cum

329 1706 498 1788 derivatis,
538 1705 687 1794 horelcge
724 1729 796 1772 cum
829 1707 996 1790 derivatis,
1029 1705 1142 1771 lerce-

328 1830 416 1893 cope,
446 1806 577 1871 horreur
609 1806 750 1892 (horror)
784 1830 856 1873 cum
872 1837 874 1844 ·
888 1807 1055 1889 derivatis,
1089 1827 1142 1870 en-

327 1908 432 1972 horter
461 1907 612 1992 (hortari)
639 1930 710 1973 eum
736 1908 906 1990 derivatis,
933 1908 1023 1972 leste
1050 1907 1142 1992 (hce-

327 2009 413 2097 pes),
442 2008 584 2096 hospital
613 2008 871 2091 (nosodochium)
910 2031 984 2075 cum
1016 2009 1142 2076 derive-

327 2111 387 2190 tis,
415 2109 537 2174 hutnble
559 2110 713 2194 (humilis)
733 2132 806 2176 cum
825 2111 989 2192 derivatis,
1012 2110 1143 2176 lumem

329 2212 467 2296 (humor)
483 2235 557 2278 cum
571 2212 739 2293 derivatis,
762 2211 845 2274 licet
860 2210 1004 2297 (hiems),
1025 2210 1143 2296 hydro·

327 2313 398 2396 mel,
414 2312 598 2403 hydropieie
608 2323 678 2394 etc,
695 2335 776 2399 quae
788 2335 898 2378 omnes
912 2333 1010 2378 voces
1024 2312 1142 2398 purtim

329 2437 349 2480 c
374 2413 517 2496 Latinis,
544 2413 661 2500 partim
690 2411 866 2480 cGrcecis
892 2414 1027 2481 vocibus
1054 2415 1142 2500 espi·
1245 2488 1248 2498 1

326 2515 406 2580 retis
439 2516 595 2596 oriuntur,
632 2515 666 2578 in
699 2513 814 2600 quibus
848 2523 954 2581 tamen
987 2515 1142 2602 aspiratio

210 2667 213 2672 .
328 2615 475 2701 quiescit.
518 2614 731 2702 Excipiuntur
758 2624 865 2682 eutem
887 2618 926 2683 eb
948 2615 1009 2682 huc
1030 2617 1144 2703 regula

327 2715 433 2798 leche,
456 2716 606 2782 eLctine
619 2739 700 2782 voce
721 2716 849 2800 hasta,
873 2717 949 2783 item
969 2717 1099 2806 bereng,
1122 2741 1144 2784 a

327 2837 408 2881 voce
437 2816 551 2883 helec
581 2840 652 2883 cum
680 2816 841 2898 derivatis,
869 2817 946 2882 item
967 2817 1088 2884 Hector
1109 2828 1144 2886 et

326 2915 433 2999 Henri,
462 2917 540 2984 item
572 2918 679 3006 harpe,
713 2942 733 2982 a
766 2916 895 2985 Graeca
927 2939 1008 2984 voce
1036 2911 1142 3004 ἅρπη.

328 3016 482 3085 Similiter
525 3020 621 3086 etiem
658 3018 810 3106 aspiratio
848 3018 985 3105 quiescit
1019 3019 1054 3084 in
1089 3019 1142 3087 his

328 3118 537 3186 dictionibus:
571 3120 642 3184 leuis
683 3120 825 3202 (ostium)
866 3141 939 3184 cum
977 3116 1143 3206 derivatis,

326 3219 410 3283 heile
443 3220 573 3302 (oleum)
613 3244 686 3289 cum
719 3219 885 3302 derivatis,
919 3219 1003 3286 leniet
1030 3225 1143 3306 (octo),

327 3320 448 3385 heistre
466 3324 607 3406 (ostrea),
631 3323 689 3389 sed
704 3322 799 3388 eliam
814 3322 854 3387 cb
870 3343 1009 3405 censam,
1024 3345 1144 3409 nempe

327 3422 480 3506 quonium
492 3422 611 3509 alioqui
623 3423 687 3509 legi
699 3423 746 3488 sic
757 3432 891 3510 possent
900 3423 961 3489 hee
974 3424 1142 3508 dictiones,
