2650 4270
541 481 561 536 1.
599 478 627 534 ο.
666 479 695 534 c.
962 481 1003 545 69

193 630 318 697 dira-on
339 631 534 717 (diceturne)
555 641 587 698 et
601 634 705 695 irc-cn
722 630 900 714 (ibiturne)‚
929 653 1004 718 pro·
1042 619 1043 622 ¹

190 735 341 802 nuntiant
367 741 472 800 eutem
495 731 646 815 diret-on,
671 735 804 816 irat-ou,
827 733 892 800 nisi
912 733 1004 806 mali·
1052 779 1055 788 .

191 858 261 902 mus
277 835 383 901 dicere
400 832 550 916 dira-lou,
573 834 698 898 ira-Ion.
732 833 796 902 Sed
813 834 853 900 de
873 832 935 900 hoc
956 833 1004 897 di-

195 959 305 1004 cemus
326 937 361 1002 in
382 935 475 1001 litere
495 947 515 1000 t.

254 1037 338 1104 Item
374 1037 511 1123 quiescit
546 1037 580 1100 in
618 1036 823 1123 triphthongc
860 1057 932 1117 ocu,
970 1044 1006 1099 ut

194 1160 309 1203 ceucre
346 1137 468 1224 (opus),
502 1135 603 1224 docus
628 1137 727 1223 (bos),
762 1138 843 1220 ceuf
866 1136 1004 1220 (cuum),

193 1262 276 1326 quse
314 1239 572 1327 pronuntiamus,
601 1247 637 1303 ut
669 1238 696 1304 si
734 1238 886 1324 scriptum
918 1245 1006 1303 esset

193 1364 294 1422 sucre,
321 1339 403 1425 heus,
431 1339 492 1424 eus,
522 1341 556 1404 in
579 1340 695 1425 quibus
717 1347 803 1405 certe
826 1336 1005 1403 scribendis

192 1441 327 1508 vocibus
356 1464 374 1504 o
402 1440 612 1528 praetermitti
644 1439 761 1525 potuit,
790 1449 826 1504 nt
852 1461 911 1505 suc
931 1439 1005 1505 loco

194 1543 341 1609 diximus.

538 1695 593 1770 De
618 1691 659 1770 U.

261 1845 419 1912 chcelis
442 1846 580 1932 quiescit
600 1854 719 1932 postg
742 1852 894 1931 sequente
917 1865 942 1924 e,
971 1850 1007 1906 ut

196 1945 314 2035 lungae
329 1947 478 2034 (lingue),
500 1947 553 2013 vel
564 1945 763 2034 diphthongo
778 1968 825 2028 eu,
841 1953 877 2008 ut
888 1945 1007 2032 gusule

197 2047 311 2135 (gule),
345 2049 439 2130 veli,
462 2058 497 2113 ut
518 2048 646 2135 languir
667 2045 859 2133 (languere),
886 2043 1007 2110 idcirco

194 2159 317 2216 tentum
347 2149 556 2235 adscriptum,
585 2158 620 2214 ut
641 2147 839 2233 significetur
856 2170 892 2234 g,
923 2145 1009 2232 quod

195 2261 269 2319 ante
290 2275 307 2317 e
330 2263 363 2318 et
383 2255 396 2314 i
413 2251 615 2336 pronuntiari
625 2249 713 2316 'solet
732 2259 768 2314 ut
773 2249 797 2334 j
815 2269 1007 2328 consonans,

193 2354 339 2420 nativum
351 2375 444 2418 suum
455 2373 568 2418 sonum
583 2350 618 2416 in
632 2351 696 2418 illis
710 2352 845 2418 vocibus
859 2347 1007 2414 retinere.

257 2453 341 2520 Item
378 2453 516 2539 quiescit
548 2461 625 2538 post
656 2475 672 2515 c
707 2462 860 2538 sequente
893 2473 941 2532 eu,
974 2457 1010 2514 nt

195 2577 290 2618 cucur
305 2554 401 2639 (cor),
424 2555 583 2641 quomodo
600 2553 695 2618 etium
712 2552 856 2618 scribunt
870 2549 1010 2614 cueuillir

196 2662 229 2720 et
251 2654 390 2738 recueul,
412 2656 460 2721 sic
482 2652 702 2741 pronuntiate,
719 2651 907 2740 cunipert
930 2651 1009 2718 scri-

195 2755 322 2821 beretur
343 2755 429 2834 iecur,
451 2753 580 2836 decidit,
603 2753 716 2819 rekeul.

258 2854 341 2922 Item
361 2857 498 2943 quiescit
511 2865 588 2944 post
604 2879 633 2942 q,
657 2878 864 2942 quaecunque
886 2854 1008 2921 voculis

196 2966 361 3043 sequetur,
383 2979 497 3044 nempe
518 2955 572 3022 vel
594 2979 624 3038 a,
647 2967 682 3021 ut
703 2958 824 3043 quand,
852 2955 904 3022 vel
926 2978 951 3038 e,
974 2964 1010 3019 ut

194 3080 269 3144 que,
293 3059 385 3143 veli,
408 3067 444 3123 ut
465 3061 527 3144 qui.

258 3156 425 3226 Postremo
440 3159 578 3246 quiescit
592 3158 626 3222 in
649 3158 837 3244 quibusdem
858 3156 1010 3242 tempori-

195 3261 255 3326 bus
270 3261 360 3328 verbi
375 3262 513 3345 habeo,
535 3281 650 3346 nempe
672 3258 706 3323 in
727 3257 832 3322 futuro
853 3257 941 3322 modi
960 3257 1009 3322 in-

192 3361 323 3428 dicandi
336 3373 368 3429 et
380 3362 567 3450 imperfecto
582 3359 670 3426 modi
687 3358 889 3424 subiunctivi.
927 3357 1010 3424 Nem

194 3461 274 3530 haec
294 3474 438 3553 tempore
453 3462 645 3549 incipiunts
666 3459 771 3526 vocali
793 3482 812 3522 a
835 3468 867 3525 et
889 3484 906 3523 v
930 3481 1007 3525 ccu-
