2650 4270
249 407 254 418 ·
349 392 390 456 58
633 391 672 443 De
690 389 875 460 triphthongis.

348 543 462 608 noxias
500 565 539 609 ac
565 545 685 624 merito,
725 545 754 609 si
787 545 855 630 pati
887 552 999 630 posset
1031 543 1162 628 linguae

349 645 562 725 consuetudo,
596 648 840 733 expungendam
876 645 1053 710 cuiusmodi
1086 652 1161 709 sunt

348 767 419 821 ceu,
443 747 502 824 oei,
524 749 583 808 uei.

702 899 799 974 Eua.

411 1053 452 1117 In
483 1051 545 1116 hac
574 1051 779 1137 triphthongo
813 1050 939 1116 auditur
972 1072 988 1111 e
1016 1051 1159 1114 clausum

344 1175 417 1216 cum
451 1153 648 1239 diphthongo
682 1177 740 1234 ou,
774 1152 867 1236 quasi
896 1151 1018 1216 scribas
1047 1174 1094 1231 eo,
1123 1160 1160 1216 ut

347 1276 407 1316 euu
444 1255 568 1339 (aqua),
606 1278 700 1341 quam
730 1276 845 1318 vocem
881 1253 1018 1317 maiores
1056 1251 1160 1316 nostri

346 1354 530 1420 scribebant
552 1368 584 1421 et
601 1356 804 1442 proferebant
825 1354 933 1419 addito
954 1353 1158 1417 efoeminino

346 1477 434 1535 eune,
462 1477 539 1517 scau
561 1456 699 1540 (situla),
723 1459 867 1518 misacon
890 1453 1052 1538 (rivulus),
1077 1475 1158 1514 oeou

346 1555 509 1640 (vitulus),
533 1557 612 1620 beau
628 1557 762 1641 (bellus)
780 1566 932 1642 sequente
950 1563 1156 1634 consonante,

344 1668 443 1722 utun
466 1657 545 1722 beau
568 1669 725 1730 manteau,
748 1682 790 1721 un
813 1657 892 1720 deun
912 1678 1051 1743 geroam
1082 1677 1158 1718 uam

345 1771 498 1844 sequente
513 1761 618 1825 vocali
635 1761 770 1825 dicimus
783 1758 840 1839 bel,
857 1767 891 1821 ut
908 1780 949 1818 un
965 1755 1013 1819 ter
1024 1755 1155 1828 homme,

346 1881 388 1919 un
404 1859 454 1923 tel
474 1861 591 1924 accord
597 1912 604 1942 ,
628 1863 713 1926 unde
736 1862 836 1927 oritur
855 1857 1061 1925 foemininum
1081 1855 1158 1920 belle

344 1960 470 2045 (bella).
495 1962 635 2027 Vitanda
651 1973 701 2028 est
715 1971 822 2026 autem
844 1959 1053 2026 vitiosissima
1067 1958 1156 2044 vulgi

343 2061 539 2128 Parisiensis
561 2063 776 2148 pronuntiatio
803 2063 838 2126 in
858 2061 918 2125 hac
939 2059 1155 2144 triphthongO,

342 2187 459 2250 nempe
478 2165 572 2228 diuus
589 2175 621 2229 et
635 2165 711 2227 l’iau
725 2187 783 2250 pro
798 2163 891 2242 Pecu,
908 2159 995 2241 beau,
1010 2163 1156 2223 ruisseuu

343 2275 377 2329 et
399 2265 522 2330 similia.

709 2417 784 2490 lea.

406 2567 545 2632 Auditur
572 2567 666 2630 etiam
690 2566 725 2630 in
753 2567 813 2631 hac
835 2565 1041 2651 triphthongo
1065 2568 1076 2625 i
1097 2589 1155 2630 vo·

341 2667 422 2730 caiis
446 2688 516 2730 cum
533 2666 730 2753 diphthongo
753 2690 791 2730 eu
805 2667 925 2752 raptim
939 2665 1153 2750 pronuntiata

341 2777 377 2830 ut
397 2770 485 2830 rieux
500 2768 618 2850 (coeli),
633 2768 715 2830 Dieu
728 2767 857 2848 (Deus),
882 2769 975 2829 ‹ieux
991 2765 1070 2847 (dii),
1093 2765 1155 2827 lieu

341 2867 474 2952 (locus),
499 2869 582 2932 lieux
605 2869 709 2952 (loci),
733 2871 804 2932 ieux
827 2867 943 2950 (oculi)
966 2888 986 2929 a
1001 2866 1157 2950 singulari

341 2969 487 3035 obsoleto
510 2971 583 3053 icat,
594 2993 657 3055 quo
672 2972 787 3055 vulgus
804 2966 1035 3033 Parisiensium
1051 2966 1156 3034 adhuc

340 3070 448 3134 utitur.
499 3071 561 3138 Est
587 3079 691 3136 autem
718 3071 798 3136 haec
827 3069 923 3134 dictio
952 3089 972 3129 a
998 3067 1155 3133 vocabulo

333 3171 413 3253 jour
429 3173 516 3256 (ioci)
539 3171 759 3253 discernenda,
780 3172 815 3235 in
836 3194 898 3256 qua
920 3173 932 3230 i
951 3188 1017 3230 non
1033 3177 1081 3232 est
1096 3192 1154 3234 vo·

341 3273 429 3354 calis,
455 3273 511 3338 sed
534 3293 725 3338 consonans.
766 3273 810 3337 Et
830 3272 883 3338 hio
905 3271 1058 3335 monandi
1080 3281 1155 3334 sunt

341 3369 503 3452 Germani,
526 3380 562 3435 ut
582 3373 735 3458 paulatim
757 3373 831 3440 huic
852 3374 1058 3460 triphthongo
1079 3397 1155 3460 rap-
