2650 4270
538 482 590 544 Au,
610 497 649 534 ³0·
959 483 1001 547 49

189 632 333 699 sonantis
361 633 552 698 scriberetur
579 655 682 718 poure
716 641 748 698 ct
768 642 916 716 powele,
949 633 1003 700 vel

188 756 246 820 per
267 755 309 796 ou
332 732 563 819 diphthongum
586 755 712 818 pauore
734 741 765 798 et
780 743 944 819 pauorete,
967 744 1004 802 ut

188 833 284 899 hodie
312 834 457 898 nonnulli
487 834 640 902 scribunt.
684 833 798 919 Itaque
826 844 860 899 ut
888 836 929 900 ad
954 835 1003 900 di·

187 935 385 1021 phthongum
396 957 439 998 ou
447 945 596 1017 revertar,
605 959 702 1022 quum
713 936 805 1001 initio
813 937 1003 1003 scriberetur

190 1044 222 1100 et
243 1037 406 1102 efferretur
427 1059 485 1122 per
500 1061 550 1110 oo,
574 1061 668 1123 quam
689 1037 899 1124 prolationem
920 1037 1002 1104 Nor-

188 1138 298 1202 manni
324 1137 475 1219 retinent,
510 1163 527 1202 o
554 1140 706 1225 paulatim
735 1139 770 1204 in
803 1162 823 1202 u
850 1149 1004 1208 mutatum

190 1238 266 1320 fuit,
301 1240 385 1306 unde
407 1239 535 1305 tandem
557 1241 652 1306 tertia
672 1240 768 1306 hodie
790 1235 909 1306 usitata
929 1264 1004 1328 pro·

180 1340 267 1406 -latio
288 1349 364 1406 nata
387 1350 445 1422 est,
474 1365 493 1404 o
521 1344 634 1408 extrito
663 1352 695 1408 et
714 1342 776 1406 hac
799 1342 1003 1429 diphthongo

191 1449 226 1508 ut
253 1465 270 1504 o
301 1441 435 1528 simplex
460 1447 673 1529 pronuntiata.
719 1443 786 1511 Sed
799 1443 864 1508 ‘htc
894 1444 1004 1510 obser·

190 1542 330 1608 vandum
346 1556 405 1626 est,
424 1544 451 1609 si
473 1545 556 1612 hanc
578 1548 765 1632 scripturam
787 1544 931 1632 proxime
953 1566 1004 1608 se·

191 1652 307 1728 quatur
322 1644 429 1728 aliqua
444 1647 573 1728 vocalis,
595 1657 672 1712 tuno
693 1647 814 1712 nullum
836 1667 907 1710 esse
929 1643 1004 1708 huic

192 1743 390 1831 diphthongo
411 1746 531 1829 locum,
559 1749 617 1814 sed
639 1772 656 1812 v
681 1770 753 1814 esse
775 1753 1005 1812 consonantem

192 1867 288 1932 quam
309 1846 466 1932 digamma
479 1849 648 1915 Aeolicum
669 1848 863 1929 vocavimus,
887 1855 920 1912 et
933 1867 1005 1912 cum

191 1945 249 2012 illa
269 1947 414 2032 proxime
443 1959 595 2034 sequente
622 1951 728 2016 vocali
756 1950 941 2028 cohaerere,
971 1956 1007 2012 ut

193 2069 291 2110 ovare
306 2049 462 2131 (avarus),
485 2061 635 2116 creature
657 2053 807 2136 (eventus
829 2049 1003 2133 fortuitus),

197 2150 309 2212 aviron
326 2150 473 2235 (remus),
497 2162 623 2217 ovorler
639 2153 817 2237 (abortire),
834 2153 923 2215 avoir
936 2149 1006 2232 (ha-

193 2250 296 2334 bere),
318 2252 489 2339 Auocrgnc
504 2253 699 2338 (Alvernia).
733 2253 905 2318 Praeterea
919 2251 1007 2316 istud

194 2372 322 2436 quoquc
351 2355 616 2436 praetereundum
641 2379 707 2421 non
741 2363 804 2436 cst,
843 2353 926 2417 hanc
959 2351 1006 2416 di·

194 2453 393 2540 phthongum
408 2455 596 2541 saepissime
618 2458 708 2522 nasci
727 2479 767 2522 ex
784 2455 818 2518 ol
833 2454 958 2540 syllaba
972 2453 1007 2517 in

195 2554 348 2620 derivabis
384 2578 404 2619 a
440 2555 556 2622 Latino
594 2581 739 2623 sermone
776 2556 935 2636 deductis,
973 2564 1008 2620 ut

195 2655 299 2718 cultro
314 2657 353 2720 ab
370 2656 487 2738 alter,
508 2657 651 2724 hooliab
667 2660 790 2740 altus,
815 2666 847 2722 et
861 2656 924 2722 aha
936 2656 1008 2741 plu·

194 2757 289 2839 rima,
314 2756 362 2826 sio
387 2768 493 2825 tamen
515 2767 550 2823 nt
577 2760 606 2825 si
633 2761 806 2827 occurrerit
837 2759 872 2824 in
897 2756 1008 2822 ultima

196 2858 329 2944 syllaba,
353 2869 497 2926 servetur
517 2862 552 2926 in
572 2872 660 2930 recto
685 2860 848 2948 singulari,
871 2867 1008 2922 mutetur

196 2968 302 3027 autem
316 2960 350 3024 in
365 2984 407 3024 ou
421 2962 456 3028 in
470 2963 595 3049 plurali,
611 2973 646 3029 ut
661 2965 726 3026 mal
740 2961 894 3044 (malum),
913 2981 1010 3022 moun

196 3061 320 3143 (mala),
347 3062 457 3127 cdeoul
477 3063 663 3149 (caballus),
688 3063 827 3128 clevans
850 3058 1006 3144 (caballi).

196 3161 363 3229 Postremo
392 3175 424 3230 et
445 3165 523 3230 illud
551 3175 600 3232 est
628 3165 874 3243 observandum,
903 3182 1008 3225 errore

196 3263 314 3328 factum
329 3274 365 3329 ut
374 3265 408 3332 in
422 3266 526 3333 futuro
542 3266 709 3332 indicativi
725 3276 756 3331 et
767 3263 937 3352 praeterito
949 3262 1009 3326 im-

196 3365 338 3450 perfecto
367 3369 562 3437 coniunctivi
588 3370 628 3434 ab
655 3368 780 3433 infinito
802 3363 896 3430 modo
918 3362 1010 3428 verbi

197 3465 342 3534 habere
370 3495 388 3535 o
422 3493 604 3540 consonans
635 3479 789 3554 tanquam
821 3463 942 3531 vocalis
975 3464 1010 3529 in

839 3571 856 3619 4
937 3641 941 3655 ι

921 3665 931 3686 ,
