2650 4270
566 445 608 498 Ai.
640 435 642 438 ¹
948 451 992 514 47

184 599 306 684 syllabo
336 605 367 662 et
394 597 514 682 aliquot
539 597 634 663 huius
655 600 745 664 verbi
766 602 926 686 personis,
956 612 993 668 ut

182 700 290 763 baisse
305 697 485 782 (odissem),
497 697 634 762 boisseio
646 698 815 785 (oderam),
831 726 928 789 quum
944 715 992 771 ta-

182 825 257 884 men
278 802 312 866 in
331 800 467 865 themate
484 799 626 864 dicamus
642 800 705 883 hui,
726 801 805 883 tois,
827 803 902 888 tait,
922 830 992 872 mo-

181 903 365 989 nosyllaba,
394 900 481 966 etin
500 900 629 966 nomine
650 904 773 969 verbah
794 904 898 989 haine,
925 909 992 976 dis-

184 1005 354 1090 syllabum,
378 1024 459 1088 quae
481 1024 541 1067 usu
562 1002 735 1069 discuntur.
778 1007 933 1092 Alterum,
955 1010 991 1078 in

182 1106 243 1172 hac
265 1103 462 1190 diphthongo
477 1127 704 1190 nonnunquam
719 1129 739 1168 a
753 1107 882 1192 penitus
901 1111 992 1195 quie-

184 1231 283 1288 scere,
313 1215 345 1270 et
372 1206 475 1272 solum
503 1209 516 1268 i
539 1206 656 1288 audiri,
686 1207 770 1272 sicut
795 1209 938 1276 dicemus
960 1213 996 1278 in

182 1311 345 1375 literarum
367 1307 597 1394 quiescentium
617 1317 763 1374 tractatu.
806 1310 920 1396 Neque
941 1313 996 1381 hic

182 1411 261 1476 mihi
289 1408 550 1475 dissimulandum
575 1409 701 1476 videtur
721 1409 809 1496 vulgi
831 1411 996 1482 Parisien-

184 1513 267 1577 sium
281 1510 402 1591 vitium,
414 1510 469 1595 qui
474 1510 606 1594 faisant
618 1537 674 1552 --
694 1512 904 1598 participium
920 1539 996 1601 pro·

183 1611 331 1678 nuntiant
342 1611 458 1694 secant
469 1637 530 1693 ·-·‚
544 1613 707 1698 spondaeo
724 1613 758 1676 in
769 1613 910 1681 iambum
926 1641 996 1683 mu-

183 1723 259 1780 tato.
303 1712 452 1798 Denique
475 1722 507 1779 et
527 1715 607 1779 illud
628 1715 803 1780 notandum
824 1725 886 1798 est,
911 1717 996 1786 hanc

184 1815 416 1902 diphthongum
445 1815 604 1880 interdum
634 1817 732 1882 scribi
759 1817 902 1902 quidem,
936 1821 996 1886 sed

183 1915 442 2002 pronuntiatione
467 1939 540 1982 cum
562 1917 758 2004 diphthongo
782 1919 812 1981 ei
833 1919 995 1986 confundi.

183 2018 266 2082 Nam
288 2019 457 2086 scribimus
490 2019 619 2105 quidem
645 2018 716 2082 boin
748 2020 929 2106 (balneum)
963 2031 996 2088 et

181 2121 260 2207 goin
283 2120 434 2206 (lucrum)
461 2121 592 2207 etploin
607 2121 761 2208 (planus),
785 2144 866 2207 quae
887 2131 996 2190 tamen

185 2221 232 2286 sic
247 2220 407 2288 efferimus
430 2231 465 2287 ut
479 2223 508 2288 si
524 2223 676 2308 scriptun
691 2233 778 2289 esset
792 2223 869 2303 dein,
884 2228 996 2312 gasin,

177 2323 281 2408 plain,
304 2323 430 2409 integra
449 2325 604 2390 tamenin
619 2323 771 2390 derivatis
784 2325 932 2390 restituta
947 2325 996 2390 di·

183 2422 357 2510 phthongo,
370 2433 404 2489 ut
404 2423 795 2511 ploinesplaua),boigner
802 2426 995 2512 (balneane),

182 2547 240 2610 pro
269 2547 331 2610 quo
357 2534 466 2591 tamen
492 2526 605 2592 extrito
633 2530 644 2588 i
668 2527 760 2592 multi
787 2528 996 2614 pronuntiant

182 2623 310 2712 dogner.
360 2624 417 2693 Sic
449 2627 546 2693 etiam
573 2649 593 2692 a
616 2651 697 2695 voce
720 2631 800 2716 goin
828 2629 996 2697 deducitur

182 2728 317 2793 verbum
334 2730 482 2816 goc'gncr,
504 2737 540 2793 ut
561 2752 580 2794 a
600 2729 748 2796 Picardis
770 2729 874 2798 adhuc
897 2730 995 2799 hodie

181 2828 353 2915 profertum
392 2829 504 2916 purius
548 2839 653 2896 autem
675 2830 859 2917 'loquentes
895 2831 994 2898 hodie

181 2929 262 2997 eliso
278 2933 291 2993 i
305 2930 512 3017 pronuntiant
522 2955 659 3022 gogner.
694 2933 784 2999 Idem
804 2933 940 3018 contigit
958 2933 994 2998 in

180 3031 231 3097 his
253 3034 388 3099 vocibus
406 3035 530 3120 guairir
553 3043 584 3099 et
604 3036 784 3122 guairiaco,
816 3056 895 3119 quas
923 3033 994 3119 ple·

180 3133 270 3218 rique
294 3133 407 3202 extrito
431 3137 443 3197 i
461 3135 626 3222 proferunt
648 3138 761 3224 guorir
781 3144 813 3201 et
824 3135 993 3221 gttorioon.

179 3232 262 3298 Mihi
283 3241 388 3302 tamen
410 3235 466 3304 illa
487 3237 643 3304 vetustior
656 3234 872 3323 pronuntiatio
888 3233 994 3318 magis

179 3335 339 3420 probatur.
