2650 4270
466 490 524 546 Oui.
562 489 626 546 Oen.
663 489 718 545 Oei.
955 492 994 556 61

185 645 293 726 video,
330 643 396 709 nisi
431 643 577 710 fortassis
610 642 644 707 in
674 642 736 708 hoc
767 641 863 708 imico
896 643 995 708 verbo

185 768 317 809 coenare
340 754 372 810 et
393 767 531 825 occurre,
555 743 670 829 quibus
687 746 855 810 utebantur
869 752 995 809 veteres

183 870 242 933 pro
265 870 375 910 couvre
396 846 571 932 (cooperit)
600 855 632 911 et
650 848 754 910 courir
776 846 939 928 (currere),
961 844 996 908 in

185 970 247 1033 quo
275 949 398 1014 vocalis
421 971 439 1011 o
463 947 633 1033 quiescens
655 947 804 1027 ostendit,
828 970 845 1010 c
873 946 997 1012 literam

185 1071 258 1115 esse
277 1074 345 1116 non
365 1072 423 1136 pro
445 1071 473 1130 o,
496 1049 554 1113 sed
566 1048 677 1114 nativo
693 1071 751 1114 suo
768 1070 847 1114 sono
864 1047 998 1112 efferen-

185 1151 265 1235 dam,
288 1174 350 1237 quc
373 1150 467 1215 modo
483 1149 577 1215 etiam
592 1149 719 1235 plurimi
740 1148 835 1214 hodie
853 1147 997 1214 scribunt

184 1275 287 1327 occur,
311 1275 375 1318 cor.

557 1403 633 1480 Θεέ.

246 1555 323 1621 Hae
343 1565 409 1621 tres
434 1578 528 1621 voces
556 1555 604 1622 sic
626 1556 723 1622 scribi
744 1556 921 1642 plerunque
944 1577 996 1621 so-

183 1658 252 1724 lent
264 1658 299 1722 in
314 1658 410 1723 unica
430 1680 511 1724 voce
534 1657 597 1722 neit
617 1656 766 1738 (oculus),
789 1679 871 1743 quae
894 1656 995 1741 scrip·

182 1767 254 1823 tura
269 1763 297 1825 si
318 1767 368 1825 est
381 1782 540 1845 germana,
562 1759 703 1826 ostendit
716 1757 852 1823 maiores
867 1765 995 1824 nostros

182 1861 408 1946 pronuntiasse
421 1862 472 1925 cel
475 1884 533 1947 pro
545 1860 672 1942 oculo,
686 1859 841 1945 singulari
851 1879 995 1924 numero.

186 1960 252 2030 Sed
268 1962 415 2048 suspicor
428 1963 546 2047 potius,
566 1985 587 2024 u
603 1962 731 2026 alteram
753 1984 793 2024 eu
808 1958 998 2045 diphthongi

183 2062 327 2128 vocalem
347 2063 447 2130 fuisse
470 2065 509 2129 ab
531 2063 687 2149 imperitis
709 2063 863 2144 extritam,
887 2069 919 2127 et
941 2083 997 2126 ve-

182 2171 267 2228 teres
284 2165 455 2250 scripsisse
471 2166 553 2247 cent
568 2163 752 2251 praeposito
769 2163 995 2250 oquiescente,

184 2264 269 2330 sicut
300 2264 336 2328 in
371 2265 514 2352 proxime
547 2267 759 2352 praecedente
789 2265 996 2351 triphthongo

184 2365 337 2448 diximus,
382 2367 423 2430 ad
457 2367 692 2433 ostendendum
733 2369 868 2434 Latinae
905 2367 996 2433 vocis

183 2466 323 2531 oculus
366 2475 503 2553 etymon.
563 2467 688 2534 Eadem
719 2479 825 2534 autem
867 2469 997 2536 inscitia

182 2567 302 2632 factum
340 2578 402 2649 est,
444 2577 480 2632 ut
512 2571 524 2631 i
554 2571 677 2636 vocalis
715 2573 884 2657 quiescens
920 2572 996 2637 huic

183 2667 317 2733 dictioni
331 2669 534 2752 insereretur,
552 2694 668 2758 nempe
678 2683 808 2760 propter
818 2673 996 2740 derivatum

183 2769 350 2852 oeuillude,
377 2792 441 2856 quo
464 2771 664 2857 significatur
685 2775 846 2840 oculorum
872 2775 907 2839 in
927 2797 995 2840 rem

182 2871 321 2957 aliquam
341 2873 512 2956 coniectio,
534 2875 570 2940 in
585 2898 650 2962 qua
668 2877 809 2943 dictione
824 2879 835 2938 ἰ
848 2876 996 2944 adiicitur

182 2974 222 3039 de
244 2997 346 3056 more,
372 2996 439 3039 non
461 2984 496 3039 ut
515 2977 706 3062 proferatur,
730 2980 788 3045 sed
809 2988 845 3042 ut
865 2980 995 3044 mollem

179 3073 269 3140 illum
297 3099 411 3142 sonum
437 3076 574 3163 duplicis
597 3079 621 3142 ll
641 3077 801 3165 designet,
831 3079 915 3145 sicut
936 3080 994 3144 ali-

181 3178 305 3261 quoties
320 3178 383 3244 iam
397 3180 616 3265 repetivimus.
662 3179 833 3265 Utcunque
849 3180 900 3262 sit,
918 3202 993 3244 ccu-

179 3276 244 3343 lum
270 3303 424 3347 vocamus
456 3282 516 3366 eud,
548 3305 588 3348 eu
620 3281 817 3366 diphthongo
849 3303 929 3366 pure
962 3289 995 3346 et

179 3377 302 3468 integre
323 3382 456 3468 prolata.
