2650 4270
575 491 603 548 s.
926 460 930 469 ’
958 489 1000 556 81

179 673 286 738 perer,
327 667 505 734 esperance,
546 647 654 731 esprit,
692 665 812 729 espece,
852 644 997 728 respirer,

184 754 281 818 immo
301 770 465 834 nunquam
480 747 617 832 quiescit
639 745 811 812 dictionem
831 743 997 824 inchoans,

176 853 222 918 'ut
248 851 476 939 specialement,
500 847 652 934 spirituel.
684 846 830 912 Dicimus
852 855 961 910 tamen
982 867 999 908 s

186 953 374 1040 quiescente
402 973 505 1036 espec,
523 971 668 1035 esperon,
689 951 801 1012 escrire
822 943 899 1014 cum
917 949 999 1014 deri-

184 1056 287 1138 vatis,
316 1073 469 1141 espouser
496 1050 643 1134 (uxorem
670 1049 800 1134 ducere)
823 1073 896 1116 cum
918 1050 1001 1117 deri·

185 1157 287 1237 vatis,
311 1151 486 1241 respoudre
502 1151 729 1238 (respondere)
751 1173 823 1217 cum
838 1152 999 1238 derivatis,
1021 1217 1023 1222 .

185 1280 268 1344 quae
288 1256 361 1342 ipso
384 1275 446 1319 usu
468 1253 642 1320 discuntur.

251 1358 292 1424 In
327 1377 366 1442 sq
398 1362 452 1419 aut
479 1377 603 1440 semper
630 1362 685 1419 aut
714 1361 799 1419 certe
824 1355 1001 1444 plerunque

184 1457 425 1546 pronuntiatur,
455 1462 491 1520 ut
512 1457 652 1542 iusques,
678 1457 844 1540 morisque,
869 1480 1000 1543 praeoe.
1027 1465 1029 1472 ·

185 1561 282 1625 dente
312 1562 324 1620 i
347 1555 401 1622 vel
423 1577 444 1617 u
466 1555 640 1622 vocalibus.
684 1556 901 1626 Praecedente
923 1585 999 1630 vero

188 1682 205 1724 e
227 1657 381 1744 quiescit,
404 1666 440 1720 ut
461 1679 603 1742 evesque.

251 1760 293 1825 In
325 1769 357 1823 st
386 1758 598 1844 praecedente
631 1758 810 1844 aquiescit
838 1769 892 1825 aut
914 1785 997 1829 sem-

180 1881 247 1946 per
261 1869 315 1926 aut
325 1860 511 1946 plerunque,
524 1868 559 1923 ut
566 1861 850 1946 gasler(vastare),
859 1872 1001 1950 gasteau

187 1959 330 2046 (libum),
354 1970 483 2024 rusleou
505 1958 681 2044 (rastrum),
707 1969 814 2045 peste,
834 1969 999 2048 posticier,

187 2071 355 2149 emposter,
383 2060 455 2124 host
475 2060 629 2144 (clitellae
651 2059 763 2144 esini),
786 2061 883 2126 basto
898 2065 1001 2149 (aedi-

185 2163 309 2248 ficare),
334 2162 421 2227 unde
442 2184 507 2227 vox
527 2161 778 2227 Prouincialium
800 2162 921 2230 dastide
947 2191 1002 2234 cx·

185 2286 304 2350 pressa
341 2263 435 2327 litera
471 2285 497 2345 s,
536 2262 658 2345 duston,
692 2264 776 2330 unde
809 2269 1001 2336 vocabulum

177 2362 482 2432 'Italico-Gallicum
504 2361 684 2444 hastonade,
705 2364 740 2428 in
761 2388 824 2451 quo
848 2391 864 2430 s
887 2380 988 2436 sonet.
1086 2387 1091 2398 ·

179 2483 185 2554 '¹
250 2464 470 2530 Praecedente
507 2484 583 2528 vero
624 2465 819 2554 diphthongo
856 2472 890 2532 αι’
932 2473 1002 2556 qui-

132 2611 138 2622 .
188 2565 289 2648 escit,
313 2572 349 2627 ut
369 2565 507 2644 maistre,
531 2567 663 2649 paistre.
707 2567 772 2636 Sed
791 2577 900 2637 tamen
922 2572 1002 2640 dici·

186 2687 258 2730 mus
269 2673 416 2752 pestem,
438 2685 455 2726 s
477 2686 648 2751 expresso,
670 2691 727 2754 pro
750 2692 813 2755 quo
835 2672 870 2736 in
885 2674 1002 2742 Alver-

185 2765 244 2830 nia
275 2765 385 2831 dicunt
414 2786 430 2827 s
464 2765 648 2851 quiescente
675 2780 798 2857 perstre.
843 2773 899 2842 Sic
930 2779 1002 2864 qui.

189 2865 271 2932 escit
298 2865 334 2930 in
347 2874 549 2951 postcurecu
570 2879 602 2935 et
621 2870 655 2937 in
667 2874 845 2957 pastorelle
866 2878 1001 2949 auditur.

178 2989 183 2998 ·
249 2966 468 3034 Praecedente
495 2993 512 3034 e
539 2993 556 3034 s
578 2973 730 3058 quiescit,
753 2984 789 3040 ut
811 2985 902 3058 estre,
926 2989 1001 3062 este,

180 3067 284 3151 teste,
306 3069 407 3151 feste,
435 3080 553 3137 arreste
575 3073 685 3161 (spina
705 3077 831 3163 piscis),
856 3090 1001 3164 arrester,

179 3179 303 3256 preste,
322 3180 497 3256 upprester,
516 3182 602 3238 leste.
636 3174 760 3262 Excipe
778 3188 881 3264 geste,
898 3191 1001 3266 peste,

179 3279 282 3351 reste,
305 3271 442 3338 moleste.

253 3369 492 3440 Praecedentei
499 3378 731 3463 pronuntiatur,
743 3387 778 3444 ut
789 3382 878 3446 misle
892 3382 1000 3464 (homo
1045 3415 1048 3424 ’

191 3469 338 3558 elegans,
355 3474 475 3562 lautus,
494 3480 693 3566 concinnus),
708 3481 841 3564 miseere,
865 3485 1001 3573 mistico,

831 3586 848 3636 6
