2650 4270
491 463 531 518 Ui.
568 463 615 519 Ea.
645 463 691 519 Eo.
957 464 998 531 57

187 667 244 742 De
271 668 370 741 falsis
398 666 635 766 diphthongis
662 667 803 740 duabus
829 692 873 740 ea
891 678 928 741 et
945 693 999 741 eo.

249 817 347 883 Falso
384 818 467 881 inter
501 816 714 903 diphthongos
740 841 759 882 a
786 817 999 902 grammaticis

187 919 305 984 nostris
317 919 480 984 nonnullis
494 919 576 984 istae
588 919 747 985 vocalium
759 918 999 985 coniunctiones

186 1020 373 1099 referuntur,
388 1042 513 1105 quume
533 1020 567 1085 in
588 1029 721 1106 utraque
744 1021 896 1105 quiescat,
916 1019 1001 1084 sicut

186 1124 220 1187 in
242 1146 269 1209 g
290 1122 384 1187 litera
406 1121 558 1202 diximus,
592 1143 653 1188 nec
683 1121 776 1186 aliam
802 1122 842 1186 ob
871 1144 1000 1188 causam

188 1223 382 1304 adhibeatur,
408 1246 502 1309 quam
524 1231 559 1286 ut
583 1222 743 1308 significet
761 1245 788 1308 g
808 1223 843 1287 in
861 1222 912 1288 his
933 1223 1001 1290 dio·

186 1326 328 1390 tionibus
355 1347 429 1404 non,
461 1324 545 1389 sicut
566 1333 639 1388 ante
667 1347 687 1386 c
715 1331 747 1388 et
772 1346 790 1388 o
819 1325 996 1407 consuevit,

188 1448 245 1491 suo
269 1426 378 1490 nativo
402 1447 491 1506 sono⁷
514 1425 573 1500 sed
593 1423 686 1510 proj
705 1435 902 1490 consonante
923 1448 998 1510 pro·

186 1527 365 1607 ferendum,
402 1535 437 1590 ut
473 1547 607 1612 nraugec
642 1534 674 1589 et
696 1523 865 1612 flogeolet
904 1527 996 1611 quasi

187 1629 343 1693 scribatur
368 1627 471 1710 rnanjo
500 1636 532 1692 et
547 1625 684 1710 flojales.
729 1625 863 1712 Species
890 1636 997 1693 tamen

187 1728 341 1813 quaedam
365 1737 413 1794 est
440 1728 556 1815 prioris
579 1726 768 1812 diphthongi
793 1727 828 1791 in
850 1730 904 1790 oui
924 1728 995 1811 dan,

187 1838 222 1893 ut
242 1829 377 1894 maiores
403 1828 506 1894 nostri
533 1828 743 1912 loquebantur
767 1850 827 1913 pro
849 1851 887 1894 eo
911 1829 997 1914 quod

186 1953 272 1996 nunc
299 1930 434 1995 dicimus
461 1931 516 1991 oui
541 1927 597 2015 dax
612 1929 855 1996 affirmationem
877 1953 998 2016 augen-

186 2039 252 2112 tes,
276 2053 368 2116 quam
383 2029 570 2115 paniculum
593 2029 752 2094 subtiliter
773 2032 918 2096 nonnulli
939 2054 997 2097 vo·

185 2133 254 2196 lunt
281 2153 354 2196 esse
383 2129 577 2198 Graecorum
611 2125 652 2213 ir}
684 2129 804 2196 Dorice
833 2142 995 2200 mutatum.

185 2231 259 2297 Hoc
288 2254 364 2297 vero
392 2253 434 2296 ne
461 2233 513 2296 cui
541 2231 643 2297 videri
669 2231 773 2316 possit
793 2232 889 2299 inane
911 2258 997 2302 com-

185 2341 340 2413 mentum,
370 2334 451 2397 sciat
478 2332 581 2398 adhuc
608 2333 694 2418 apud
719 2334 870 2401 Aurelios
898 2337 997 2402 usita-

184 2434 342 2499 tissimum
369 2455 442 2500 osse
462 2434 668 2500 iurisiurandi
690 2435 830 2520 speciem
858 2460 908 2500 mu
931 2436 995 2520 diu,

184 2536 218 2599 id
240 2544 289 2600 est
311 2530 358 2612 μὰ
382 2533 448 2606 δία,
474 2544 506 2600 et
527 2538 560 2597 ni
581 2535 633 2618 da,
656 2537 742 2622 quod
764 2539 814 2602 est
827 2539 996 2605 manifeste

185 2634 382 2702 Graecorum
405 2630 443 2716 zu}
468 2631 533 2702 δία.

308 2855 365 2930 De
391 2854 575 2932 Francicis
600 2859 858 2958 triphthongis.

248 3038 382 3106 Habent
404 3042 498 3106 etiam
518 3041 741 3127 triphthongos
763 3041 893 3125 Franci,
916 3042 997 3106 alias

183 3142 309 3227 quidem
337 3163 431 3208 veras
462 3151 494 3208 et
524 3143 699 3228 legitimas,
727 3164 842 3228 nempe
870 3165 930 3206 eon
963 3151 996 3208 et

183 3246 243 3324 teu,
274 3243 354 3309 alias
376 3265 454 3308 vero
483 3244 564 3310 falso
589 3243 635 3307 sio
664 3242 853 3327 appellatas,
880 3263 996 3326 nempe

182 3348 231 3425 iai,
255 3367 328 3426 neu,
352 3346 414 3425 oui,
443 3345 522 3410 alias
551 3343 689 3428 denique
714 3350 834 3406 mutata
854 3363 996 3427 pronun-

180 3446 312 3512 tiatione
333 3465 400 3512 non
420 3445 515 3510 modo
535 3445 599 3510 iam
613 3441 800 3527 superfluas,
823 3441 995 3507 sedetiam
