2650 4270
514 470 693 525 Praefatio.
990 469 1010 536 5

195 643 268 693 esse
288 624 376 691 uelit.
415 621 585 690 Caeterum
607 645 679 689 cnm
701 621 783 688 hanc
806 640 932 708 quoque
954 620 1010 688 Oi-

194 728 325 794 uitatem
342 733 374 792 et
388 724 570 792 Ecclesiam
590 733 657 788 tum
677 726 860 811 praesentia
879 735 936 790 tua
956 745 1010 792 00⁴

195 827 386 909 honestaris,
408 834 477 891 tum
499 827 593 893 etiam
608 825 752 913 plurimis
772 825 1009 892 honestissimis

195 927 351 1016 exemplis
372 927 553 1009 illustraris,
579 928 690 1012 putati
710 929 770 994 tibi
790 928 920 994 minine
940 923 1009 995 fore

193 1033 367 1118 ingratum,
397 1029 425 1095 si
450 1037 483 1094 te
505 1027 639 1094 anobis
662 1029 878 1096 discedentem
899 1029 1006 1116 aliquo

193 1149 311 1220 genere
338 1123 435 1196 oflicii
460 1145 680 1216 prosequerer.
724 1129 877 1198 Praebuit
901 1140 1008 1197 anoern

192 1231 270 1298 mihi
292 1241 510 1319 argumentum
531 1240 587 1298 tua
611 1232 647 1296 in
667 1230 836 1299 Franciam
857 1241 1009 1319 suscepta

192 1333 362 1422 profectio,
393 1332 484 1400 cuius
513 1332 683 1398 occasione
709 1353 781 1399 cum
806 1333 905 1406 multa
930 1335 1008 1401 mihi

193 1459 213 1501 a
232 1435 340 1502 multis
358 1437 426 1522 jam
446 1433 538 1499 annis
555 1433 595 1499 de
606 1429 762 1498 Franciao
776 1433 927 1500 idiomate
941 1457 1008 1501 me*

192 1537 292 1603 ditata
318 1535 353 1600 in
383 1543 520 1600 mentem
547 1534 726 1616 venissent,
760 1543 792 1601 et
822 1545 855 1602 te
888 1557 1007 1622 cogno-

193 1639 332 1705 scendae
354 1656 481 1723 quoque
501 1635 589 1700 illius
611 1635 739 1722 linguae
761 1658 883 1703 summo
904 1639 1007 1704 teneri

193 1738 352 1805 desiderio
375 1737 686 1803 animadvertissem:
714 1736 804 1803 hisce
825 1737 913 1804 feriis
935 1740 1005 1806 vin·

193 1839 382 1906 demialibus
403 1838 461 1903 illa
479 1838 538 1903 tibi
562 1846 593 1904 et
615 1839 686 1904 aliis
709 1839 831 1925 aliquot
843 1841 1005 1908 nobilibus

192 1939 362 2008 Germanis
388 1939 537 2026 privatim
566 1940 714 2024 exposui,
743 1963 824 2026 quae
851 1965 937 2009 nunc
964 1945 1006 2010 ad

192 2051 226 2108 te
247 2043 412 2127 recognita
434 2050 466 2106 et
488 2040 654 2106 emendata
673 2041 772 2124 mitto,
797 2051 833 2108 ut
854 2067 950 2130 quum
970 2047 1006 2112 in

190 2142 359 2209 Franciam
380 2143 523 2225 veneris,
550 2165 610 2209 usu
631 2142 703 2227 ipso
726 2166 899 2230 agnoscas,
922 2171 1004 2234 quae

190 2244 378 2330 quibusdam
404 2242 525 2328 regulis
551 2266 571 2307 a
595 2265 647 2308 me
669 2266 734 2308 non
755 2255 874 2313 temere
894 2249 1004 2317 obser-

188 2354 263 2411 vata
278 2345 464 2431 comperies.
502 2343 598 2426 Quod
614 2347 731 2432 siquis
748 2349 807 2414 erit
825 2350 880 2434 qui
903 2351 1004 2437 scrip-

187 2446 361 2512 tiunculam
380 2446 476 2511 istam
502 2454 536 2510 ut
559 2469 665 2533 neque
684 2450 877 2536 professioni
897 2474 1003 2537 neque

187 2568 345 2635 personae
359 2569 449 2612 meae
465 2548 708 2615 convenientem
722 2553 942 2638 reprehendat,
963 2555 1003 2618 il-

187 2649 254 2712 lum
277 2647 418 2732 cogitare
437 2647 544 2730 velim,
568 2649 757 2735 aliudesse,
780 2653 878 2718 animi
900 2656 1004 2740 gratia

186 2747 332 2812 nonnihil
354 2749 542 2834 exspatiari,
573 2773 666 2836 quam
694 2764 782 2820 extra
802 2757 889 2820 viem
911 2757 1002 2822 aber·

185 2871 266 2914 rare.
292 2847 337 2912 Et
350 2858 573 2936 praeterquam
588 2853 673 2937 quod
686 2855 721 2920 in
735 2855 861 2922 homine
875 2856 1001 2923 Franco

174 2950 382 3042 ‘probandum
410 2950 505 3016 etiam
525 2951 651 3018 videtur
675 2958 797 3023 ruentis
824 2958 1000 3024 Francicae

184 3052 313 3137 linguae
334 3051 515 3117 fulciendae
537 3054 686 3137 studium,
712 3080 845 3143 possum
870 3082 929 3145 ego
951 3081 1001 3124 me

183 3160 251 3215 tum
265 3151 410 3219 Platonis
427 3153 465 3218 de
481 3153 642 3221 literarum
658 3158 821 3224 elementis
837 3160 871 3224 in
887 3157 1001 3244 Craty-

183 3253 215 3317 lo
237 3262 300 3318 tam
323 3255 481 3322 subtiliter
503 3257 704 3345 disputantia,
719 3268 785 3323 tum
807 3261 903 3325 etiam
918 3256 1001 3324 an-

185 3353 266 3419 saris
281 3357 410 3421 maximi
426 3358 488 3422 viri
503 3360 648 3446 exemplo
670 3361 760 3442 tueri,
782 3362 834 3426 cui
850 3361 884 3424 in
900 3360 1001 3424 maxi-

181 3454 242 3518 mis
271 3455 364 3523 etiam
392 3461 656 3545 occupationibus
685 3469 807 3528 tantum
837 3462 897 3527 finit
925 3463 999 3546 ocii,
