2650 4270
477 465 509 530 Μ,
529 482 563 518 m.
599 464 630 529 N,
653 482 679 519 11·
944 465 984 530 33

172 619 299 700 finiens,
324 618 393 684 sive
414 619 498 683 intra
519 618 624 702 ipsam
647 617 835 698 dictionem,
859 618 986 683 sivein

172 719 286 784 ultima
310 720 551 801 vocabulorum,
585 719 717 804 perinde
752 716 883 806 prorsus
911 740 985 803 pro-

172 822 336 886 nuntiatur
362 830 397 885 ut
419 844 453 903 a,
488 821 527 885 de
556 842 618 905 qua
648 843 723 886 mox
750 821 907 900 dicemus,
940 819 987 884 ita

173 922 327 988 videlicet
346 931 383 986 ut
401 945 466 986 non
479 922 575 987 modo
589 921 676 986 labia
689 943 754 984 non
769 921 985 1002 occludantur,

175 1021 234 1089 sed
261 1024 358 1088 etiam
385 1024 513 1111 linguae
540 1044 650 1087 mucro
678 1023 820 1088 dentium
846 1023 987 1088 radicem

173 1149 241 1190 non
261 1125 363 1206 feriat,
385 1134 420 1189 nt
448 1124 600 1210 temporel
626 1124 846 1208 (temporalis),
874 1124 987 1210 hymno

178 1226 352 1312 (hymnus),
364 1223 792 1314 dommugc(damnum),dom
800 1226 986 1309 (damnum),

176 1351 249 1391 nom
271 1329 425 1410 (nomen),
448 1327 530 1391 baim
553 1329 704 1411 (hamus),
731 1329 814 1410 suim
849 1326 986 1410 (fames),

177 1437 276 1514 temps
293 1430 455 1516 (tempus),
470 1429 602 1516 perinde
618 1429 786 1510 efferenda,
804 1429 871 1494 acsi
887 1430 988 1516 scrip-

175 1539 246 1595 tum
273 1540 368 1613 esset,
402 1530 556 1616 tonporel,
585 1529 686 1610 diune,
716 1529 883 1618 donmoge,
913 1529 986 1613 dan,

176 1655 251 1714 non,
274 1631 337 1714 ltin,
350 1633 413 1718 fin,
435 1641 515 1694 tone.

531 1784 634 1858 Nu.

241 1936 334 2001 Haeo
370 1957 495 2021 quoque
532 1957 714 2001 consonans
751 1934 908 2021 syllabam
940 1936 989 2001 in·

177 2037 300 2104 choans
322 2039 466 2104 nativum
494 2060 608 2102 sonum
633 2037 767 2118 retinet,
796 2046 832 2100 ut
864 2059 914 2116 ua,
943 2059 990 2116 ne,

179 2144 222 2220 ni,
244 2163 297 2222 no,
320 2163 377 2222 uo,
405 2140 489 2204 intra
511 2137 683 2224 dictionem
706 2146 812 2202 autem
843 2136 897 2200 vel
917 2137 991 2200 ulti-

179 2265 266 2307 mam
306 2240 455 2305 dictionis
500 2239 657 2325 syllabam
693 2239 851 2324 incipiens
893 2260 990 2324 saepe

181 2365 297 2408 sonum
312 2341 471 2428 quendam
491 2341 556 2406 edit
574 2340 704 2405 mollem
721 2339 900 2419 admodum,
923 2347 992 2403 tum

180 2443 351 2525 Hebraeis,
379 2452 447 2508 tum
474 2441 624 2524 Graecis,
647 2441 834 2508 tumeliam
853 2439 991 2506 fortasse

180 2544 307 2610 Latinis
332 2545 489 2631 ignotum,
518 2543 664 2629 quamvis
691 2542 783 2607 Italis
812 2551 993 2629 quoquest

181 2645 340 2733 Hispanis
367 2646 569 2727 familiarem,
606 2668 700 2731 quem
725 2644 774 2708 illi
802 2643 930 2729 quidem
957 2651 993 2706 ut

183 2757 218 2812 et
247 2746 366 2811 Franci
390 2770 449 2833 per
466 2771 528 2835 gn,
548 2747 603 2812 isti
624 2769 700 2812 vero
722 2768 781 2832 per
803 2768 823 2806 u
846 2744 991 2830 superin-

183 2849 279 2913 ducta
296 2848 415 2912 lineola
430 2848 590 2934 signatum
605 2848 756 2928 scribunt,
778 2846 840 2910 hoc
862 2845 992 2909 charac-

183 2959 250 3014 tere
277 2949 429 3015 videlicet
461 2959 494 3028 a,
522 2959 557 3014 ut
578 2957 651 3014 ante
673 2968 854 3034 ‹1:gogno,
879 2954 952 3009 ante
977 2967 994 3007 e

183 3050 340 3116 clausum:
360 3073 496 3136 gogner,
520 3059 592 3115 ante
614 3049 852 3116 cfoemineum:
883 3067 991 3131 rogae,

182 3161 257 3236 post
283 3154 307 3216 i:
339 3154 475 3238 ignoret,
504 3153 658 3237 gurgitat,
692 3159 765 3214 ante
794 3172 828 3211 o:
860 3168 993 3233 rognon,

183 3260 258 3317 ante
279 3275 333 3317 eu:
350 3253 522 3341 gaigneur,
546 3274 627 3338 quae
642 3248 858 3337 pronuntiatio
882 3246 994 3311 eadem

182 3376 266 3440 pene
288 3365 347 3436 est,
371 3362 464 3441 atque
487 3355 515 3421 si
536 3355 616 3419 haec
641 3353 688 3417 ita
713 3350 835 3417 scribas
866 3359 898 3417 et
920 3373 994 3436 pro-

183 3456 311 3524 nunties
330 3464 365 3520 ut
382 3455 570 3542 dissyllaba:
586 3457 698 3544 garrio,
715 3453 839 3540 garriet,
856 3453 994 3539 guinier,

827 3555 843 3606 3
