2650 4270
332 468 372 536 78
577 467 616 523 De
635 469 719 524 literis
737 468 941 540 quiescentibus.

329 629 405 708 post
429 619 664 708 diphthongum
689 644 732 685 cu
760 629 957 709 sequemet,
987 631 1022 687 ut
1043 623 1148 690 ancre

331 722 454 806 (elius),
470 722 649 808 eepccultre
662 723 803 808 (spelta),
817 723 852 787 in
867 723 983 810 quibus
995 722 1146 790 dictioni·

329 826 390 892 hus
417 825 626 906 interseritur,
647 846 689 890 ne
716 847 736 887 n
757 845 816 910 pro
844 847 864 886 u
885 823 1018 910 legetur.
1061 823 1146 891 Item

330 927 470 1014 quiescit
494 926 529 992 in
553 925 693 991 dictiorm
714 922 810 988 could
832 945 891 1010 pro
918 926 1052 992 solido
1073 927 1146 994 sive

329 1049 436 1110 esso,
473 1028 559 1113 qnod
593 1025 817 1114 pronuntiatur
842 1024 1041 1111 aPicurdis,
1074 1029 1146 1096 cesi
1209 1089 1213 1105 ,

328 1129 521 1196 scriberem
562 1137 649 1210 cou13
692 1126 770 1194 item
808 1126 842 1192 in
877 1126 1018 1194 dictione
1049 1130 1147 1195 occul

328 1230 460 1317 (satur),
486 1253 580 1317 quum
610 1230 856 1317 pronuntiemus
889 1251 961 1294 sou.
1002 1229 1145 1296 Additur

328 1340 433 1399 eutem
455 1332 476 1414 l,
505 1331 652 1417 quumvis
674 1352 740 1395 non
759 1329 997 1417 pronuntietur,
1007 1339 1145 1418 'propter

328 1432 488 1515 derivate,
517 1441 554 1500 nt
579 1432 717 1498 coouler.
763 1430 847 1498 Item
873 1431 908 1496 in
934 1431 986 1500 his
1017 1433 1144 1502 duabus

328 1533 522 1601 dictionibus
534 1532 591 1618 sol
604 1541 637 1599 et
650 1531 709 1615 col,
732 1553 812 1618 quus
825 1534 1070 1619 pronuntiemus
1083 1557 1146 1621 per

327 1658 370 1700 ou
403 1634 635 1722 diphthongum
656 1633 725 1715 fou
752 1641 786 1700 et
810 1657 880 1705 ocu.
929 1633 997 1703 Sed
1025 1635 1143 1704 fimens

326 1736 500 1803 dictionem
516 1735 598 1802 hoec
611 1734 719 1816 litere,
735 1757 943 1824 quaecunque
959 1758 1143 1805 consonans

326 1845 513 1924 sequentem
522 1857 637 1904 vocem
648 1834 788 1918 inchoet,
802 1858 1015 1903 sonnmsuum
1024 1848 1143 1907 servm

661 1970 720 2047 De
739 1971 795 2047 M.

389 2107 428 2168 M
451 2127 617 2192 nunquam
643 2104 798 2192 quiescit,
828 2105 895 2189 scd,
925 2114 961 2172 ut
982 2129 1041 2174 suo
1067 2106 1143 2176 loco

324 2205 479 2290 diximus,
500 2206 618 2274 finiens
634 2206 790 2292 syllabam
809 2207 863 2274 vel
882 2206 1056 2276 dictionem
1074 2230 1143 2278 nou

324 2308 417 2376 aliter
448 2309 675 2397 pronuntiatur
708 2331 804 2396 quam
835 2331 867 2392 n,
907 2307 964 2376 illo
1003 2309 1044 2376 de
1076 2331 1142 2396 quo

323 2408 461 2478 diximus
484 2433 566 2478 sono
587 2409 785 2496 imperfecto.

650 2542 787 2620 DeN.

385 2677 417 2743 N
442 2678 580 2766 quiescit
604 2678 639 2744 in
668 2677 771 2744 tertiis
798 2676 948 2764 personis
970 2677 1141 2746 verborum

322 2775 545 2846 desinentibus
574 2780 609 2846 in
635 2802 654 2844 c
684 2778 890 2845 foemininum
925 2801 996 2844 oum
1026 2787 1071 2864 nt,
1102 2785 1140 2846 nt

321 2881 446 2964 atinent,
469 2884 630 2966 cimcrent,
654 2883 844 2963 aimeros'ent,
868 2882 1049 2946 cimccecnt.

565 3035 569 3046 ·
661 3015 720 3093 De
738 3015 783 3092 P.

382 3149 412 3215 P
453 3150 592 3238 quiescit
623 3151 658 3218 in
693 3151 745 3218 his
782 3149 905 3218 duobus
941 3149 1136 3217 dictionibus

319 3260 419 3340 tempe
450 3260 483 3319 et
509 3261 632 3341 compte
654 3251 879 3340 (computum),
907 3259 943 3317 ut
969 3251 1095 3317 differat
1116 3273 1138 3316 o

318 3362 408 3418 conte
443 3353 593 3440 (comes),
627 3353 705 3420 item
741 3353 776 3419 in
812 3361 885 3440 cept
914 3351 1069 3439 (septem)
1103 3360 1137 3418 et

317 3453 393 3543 loup
425 3455 552 3543 (lupus)
591 3463 623 3524 et
653 3455 722 3522 cius
752 3454 871 3542 plurali
900 3454 996 3542 lcupe
1024 3451 1139 3539 (lupi)
