2650 4270
619 481 657 532 De
676 480 861 551 triphthougis.

704 685 780 760 Uei.

393 830 466 897 Hae
498 842 565 898 tres
603 836 731 900 vocales
770 859 929 922 nusquam
968 838 1032 902 nisi
1072 850 1148 905 ante

330 933 448 1018 duplex
478 935 502 996 ll
527 935 722 1017 scribuntur,
756 937 877 1002 inserta
902 961 1013 1004 rursus
1040 943 1147 1006 vocali

329 1037 348 1115 i,
377 1058 442 1099 non
474 1045 509 1099 ut
529 1037 720 1122 proferatur,
749 1039 806 1103 sed
828 1048 862 1102 ut
882 1039 989 1104 mollis
1010 1041 1065 1105 ille
1088 1043 1147 1107 du-

328 1135 424 1220 plicis
459 1137 482 1198 ll
509 1161 606 1203 sonus
637 1139 831 1204 ostendatur.
882 1140 951 1205 Nec
977 1150 1084 1206 tamen
1111 1144 1146 1208 in

329 1260 370 1301 uc
391 1239 520 1302 auditur
545 1265 565 1302 u
589 1251 621 1305 et
642 1264 667 1320 e,
691 1241 748 1305 sed
763 1239 978 1326 diphthongus
994 1266 1032 1304 eu
1046 1244 1144 1328 plene

329 1347 362 1402 et
384 1361 500 1404 sonore
521 1342 656 1426 prolata.
708 1340 763 1407 Sic
792 1341 877 1405 enim
902 1345 1144 1427 pronuntiamus

329 1440 447 1502 cucillir
475 1442 657 1529 (colligere)
687 1466 758 1508 cum
780 1443 933 1507 derivatis
963 1452 996 1508 et
1016 1467 1144 1532 compo·

329 1541 410 1623 sitis,
435 1542 550 1626 sueille
579 1544 715 1626 (folium)
744 1567 817 1608 cum
840 1543 1008 1625 derivatis,
1032 1548 1146 1611 cucilla

327 1644 460 1728 (velim),
493 1667 531 1710 ac
553 1647 581 1711 si
614 1647 831 1732 iquiescente
872 1653 904 1709 et
926 1645 1043 1731 duplex
1064 1647 1144 1712 illud
1225 1675 1229 1684 ·
1315 1643 1316 1652 ¹

326 1746 425 1811 molle
449 1745 474 1808 lt
495 1746 685 1831 designante
709 1747 865 1811 scribatur
876 1746 1000 1829 feuilte,
1023 1749 1143 1828 veuille²

328 1855 360 1910 et
382 1869 400 1907 o
428 1846 613 1931 quiescente
644 1857 676 1912 et
702 1847 844 1911 nativum
867 1869 980 1912 sonum
992 1871 1019 1934 g
1032 1848 1144 1914 literae

325 1947 492 2012 indicante
515 1948 673 2014 scribatur
688 1947 825 2012 cocuille.
868 1945 934 2012 Cur
960 1947 1066 2032 igitur,
1093 1951 1144 2015 in-

327 2049 436 2134 quies,
470 2073 536 2114 non
568 2051 616 2116 sic
659 2049 808 2115 scribitur
844 2057 877 2112 et
900 2051 1143 2135 pronuntiatur?

326 2157 411 2214 certe
428 2159 559 2235 propter
580 2151 798 2216 characterum
818 2150 970 2235 inopiam,
993 2152 1143 2235 quoniam

325 2250 465 2314 maiores
490 2251 594 2316 nostri
617 2252 695 2316 solis
717 2250 842 2316 Latinis
868 2249 971 2315 literis
994 2252 1063 2316 sive
1083 2276 1143 2337 po-

324 2352 389 2417 tius
406 2351 660 2438 Graecogallicis
676 2351 827 2433 contenti,
846 2352 1022 2436 exprimere
1035 2360 1142 2419 tamen

323 2453 397 2517 illos
419 2453 598 2540 peculiares
622 2453 777 2540 quosdam
806 2475 882 2517 suos
905 2474 1002 2519 sonos
1029 2455 1142 2540 nequi*

324 2562 450 2636 verunt,
473 2555 573 2620 veluti
602 2577 619 2617 e
638 2553 803 2620 foeminini
826 2563 889 2617 etc
910 2556 1020 2640 aperti,
1038 2556 1141 2642 dupli·

325 2655 372 2718 cis
397 2655 421 2718 lt
449 2666 482 2720 et
508 2680 527 2717 n
549 2657 665 2721 mollis.
709 2655 823 2741 Itaque
844 2657 1023 2722 necessitas
1043 2679 1142 2742 quaes

324 2755 398 2820 dam
411 2757 475 2822 huc
491 2779 547 2822 eos
565 2758 682 2842 adegit,
702 2766 737 2821 ut
750 2757 880 2823 vocales
895 2780 935 2820 eu
950 2757 1141 2844 diphthongi

324 2855 465 2922 adhunc
480 2858 519 2924 de
542 2881 606 2944 quo
629 2880 717 2924 nunc
732 2860 854 2945 agimus
877 2858 990 2924 inillis
1004 2859 1140 2924 vocibus

324 2958 562 3042 exprimendum
587 2983 701 3026 sonum
722 2967 981 3047 transponerent,
1001 2982 1043 3025 ne
1065 2961 1139 3045 quis

321 3060 470 3124 nimirum
484 3084 543 3146 per
565 3087 583 3126 υ
602 3070 832 3128 consonantem
850 3085 909 3148 pro
924 3061 1040 3145 sueille
1065 3084 1141 3148 pro-

321 3161 483 3226 nuntiaret
501 3163 650 3246 feci-lle,
679 3189 737 3251 pro
764 3165 874 3227 cucilla
899 3162 1051 3241 oe-oi-ilc,
1077 3185 1139 3248 pro

322 3263 432 3326 cueitle
457 3262 623 3327 cue-ui-lle.
674 3265 739 3332 Sed
764 3265 850 3329 haud
878 3265 958 3347 scio,
996 3287 1038 3328 an
1058 3263 1141 3330 haec

321 3365 402 3428 ratio
426 3365 504 3430 satis
526 3366 633 3450 magni
655 3366 752 3432 fuerit
770 3366 930 3431 momenti.
961 3364 1139 3433 Scribimus

321 3486 408 3531 nunc
415 3465 548 3550 souiller
564 3467 735 3551 (scrutari),
750 3467 890 3531 mouiller
905 3467 1140 3550 (madefacere),
