2650 4270
314 397 354 460 10
528 395 668 450 Francicus
686 397 909 466 pronuntiationis

311 558 346 613 ut
363 571 462 614 cunco
476 548 620 634 (annus),
643 573 684 626 rr,
706 558 742 615 ut
756 562 835 614 terre
850 550 978 636 (terra),
1001 553 1120 618 nullam

312 651 936 736 geminatamconsonantempronuntiet.
952 653 1119 722 Postremo

310 749 403 816 Italis
431 751 558 836 quidem
588 761 624 818 ut
648 753 836 820 Francicam
863 755 1006 840 linguam
1032 764 1119 822 recte

312 861 435 934 sonent,
459 852 603 920 cavenda
617 862 667 920 est
680 854 736 920 illa
749 855 785 919 in
797 855 1033 942 pronuntiando
1048 879 1121 941 gra-

310 952 395 1020 vitas
414 976 496 1040 quae
511 954 546 1020 in
560 955 805 1040 penultimarum
819 957 1006 1042 praesertim
1023 957 1121 1044 sylla·

310 1053 424 1120 barum
437 1055 646 1141 productione
660 1057 807 1138 sentitur3
828 1055 998 1124 Germanis
1014 1065 1119 1124 autem

309 1155 409 1221 multo
432 1157 527 1222 etiam
547 1158 649 1244 magis
670 1157 822 1242 fugienda
841 1167 891 1223 est
903 1167 972 1224 tum
986 1159 1042 1224 illa
1055 1167 1119 1224 tar-

310 1255 395 1322 ditas
416 1257 452 1322 in
472 1259 607 1344 singulis
627 1281 709 1345 pene
730 1258 923 1325 dictionibus
943 1282 1053 1326 vocem
1076 1261 1120 1326 si-

311 1365 400 1424 stens
431 1368 464 1425 et
492 1360 621 1427 tandem
644 1360 678 1425 in
706 1367 846 1426 extrema
871 1361 1003 1446 periodo
1026 1362 1120 1448 quasi

309 1460 451 1545 pondere
463 1461 600 1546 quodam
612 1460 803 1526 delassatam
813 1461 1038 1546 praecipitans,
1051 1471 1119 1526 tum

311 1561 407 1627 etiam
428 1562 463 1627 in
483 1562 585 1628 literis
605 1561 736 1626 nimium
756 1562 879 1628 fortiter
904 1562 1120 1649 exprimendis

310 1664 468 1750 asperitas
502 1685 703 1749 summopere
730 1663 871 1728 vitanda.
924 1662 1121 1730 Francorum

310 1766 395 1830 enim
416 1776 451 1830 ut
470 1765 602 1850 ingenia
621 1765 716 1829 valde
732 1764 862 1830 mobilia
876 1773 960 1846 sunt,
981 1765 1027 1829 ita
1041 1786 1119 1849 quo·

310 1887 373 1950 que
399 1867 616 1952 pronuntiatio
643 1866 809 1932 celerrima
835 1873 899 1946 est,
928 1865 1016 1929 nullo
1044 1888 1119 1931 con-

310 1968 492 2032 sonantium
513 1989 671 2033 concursu
692 1966 888 2051 confragosa,
914 1965 1119 2052 paucissimis

309 2067 416 2154 longis
432 2068 565 2154 syllabis
581 2068 754 2149 retardata,
778 2066 890 2132 eodem
904 2073 1014 2130 tenore
1031 2065 1119 2130 deni·

310 2191 372 2256 que
398 2170 562 2236 volubilis:
597 2168 862 2248 consonantibus,
891 2167 920 2230 si
948 2166 1119 2232 dictionem

309 2271 450 2356 aliquam
470 2273 681 2352 terminarint,
709 2270 756 2335 sic
784 2268 1025 2333 cohaerentibus
1048 2288 1120 2332 cum

308 2373 463 2458 proximis
486 2374 619 2439 vocibus
643 2396 662 2438 a
682 2373 788 2438 vocali
813 2369 1057 2456 incipientibus,
1085 2375 1120 2432 ut

308 2473 434 2558 integra
447 2474 604 2538 interdum
624 2474 790 2554 sententia,
812 2473 898 2538 haud
916 2493 1009 2537 secus
1026 2492 1119 2555 quam

310 2574 338 2639 si
360 2575 489 2640 unicum
505 2580 591 2639 esset
605 2573 794 2639 vocabulum
808 2574 964 2639 efferatur.
1000 2570 1119 2636 Exem-

309 2674 355 2759 pli
378 2675 493 2759 gratia‚
520 2684 588 2740 tota
609 2675 690 2740 haec
712 2675 883 2756 sententia,
911 2678 948 2738 Je
965 2671 1119 2759 parleroy

310 2773 433 2839 demota
460 2776 480 2838 ὰ
507 2797 586 2840 vous
609 2773 709 2838 dhon
729 2777 844 2837 escient
863 2776 883 2838 ὰ
905 2775 988 2838 duic!
1006 2774 1118 2836 beares

310 2875 486 2949 dumetis,
516 2877 578 2941 etsi
604 2876 737 2962 syllabis
756 2875 982 2957 novendecim,
1010 2883 1119 2940 tamen

308 2979 460 3045 brevibus
482 2978 629 3044 omnibus
647 2986 783 3059 constat,
806 2985 916 3062 estque
933 2999 996 3040 uno
1012 2997 1049 3041 ac
1065 2995 1118 3040 eo·

309 3079 383 3145 dem
393 3087 503 3144 tenore
515 3079 607 3165 quasi
620 3079 774 3145 connexis
789 3079 871 3145 inter
886 3100 920 3143 se
935 3077 1118 3163 proceleus-

308 3180 433 3246 matiois
457 3179 658 3261 enuntianda,
681 3180 716 3244 in
738 3203 801 3266 qua
820 3179 947 3264 linguae
969 3177 1117 3242 volubili·
1194 3173 1199 3184 '

307 3290 372 3347 tate
398 3291 433 3346 ut
453 3281 598 3368 plurimis
622 3281 693 3345 aliis
708 3282 743 3346 in
757 3283 853 3367 rebus
867 3280 948 3344 mira
963 3277 1119 3363 quaedam

308 3392 358 3447 est
378 3384 460 3449 inter
483 3382 641 3450 Graecum
667 3391 698 3447 et
722 3381 913 3447 Francicum
940 3400 1119 3444 sermonem
