2650 4270
338 471 393 526 Uei.
446 470 484 523 De
503 471 586 523 literis
605 469 807 538 quiescentibus.
946 469 988 532 63

174 624 351 713 grenouille
367 622 487 707 (rana),
506 621 682 707 quenouilte
703 620 823 704 (colus)
854 631 885 686 et
900 621 990 686 simi-

176 727 229 806 lia
256 748 362 811 neque
382 747 536 804 veremur,
563 745 604 787 ne
627 723 698 807 quis
720 723 784 787 ista
805 722 989 807 pronuntiet

167 823 987 911 ⁸foci-lter,ruaci-tter,gre-no-ci-lle,que-no-vi-lle.

178 926 244 993 Sed
268 950 328 1012 ego
352 926 479 1011 quidem
501 927 610 992 videre
636 948 686 989 me
708 949 773 990 non
793 947 891 1011 posse
912 948 987 1010 pro-

177 1031 279 1108 fiteor,
307 1050 363 1092 cur
386 1029 588 1093 scribendum
611 1027 653 1091 sit
675 1025 781 1089 duruit
799 1028 933 1110 (luctus)
958 1036 990 1092 et

176 1131 257 1192 coeit
283 1129 455 1212 (volitum),
490 1151 586 1214 quum
611 1129 718 1192 nullus
751 1127 804 1192 hio
832 1129 873 1192 sit
898 1150 988 1212 pror-

178 1254 232 1297 sus
247 1230 337 1295 locus
355 1233 366 1292 1
385 1229 499 1310 vocali,
522 1253 626 1314 neque
647 1238 683 1293 ut
703 1229 858 1315 prolatae,
881 1217 987 1314 neque

176 1341 210 1395 ut
250 1330 436 1418 quiescenti.
486 1331 571 1396 Nam
597 1333 682 1397 clare
704 1353 742 1396 ac
774 1353 889 1395 sonore
911 1355 986 1416 pro-

175 1434 357 1497 nuntiamus
396 1431 470 1494 deut
512 1441 544 1497 et
584 1435 673 1515 aeut,
718 1434 753 1497 in
786 1432 902 1518 quibus
950 1455 988 1494 eu

177 1534 392 1619 diphthongus
421 1534 539 1599 usitate
566 1544 704 1599 mutatur
725 1535 759 1598 in
782 1556 823 1596 ou
845 1533 880 1596 in
904 1533 987 1598 deri-

175 1636 268 1717 vatis7
302 1644 338 1698 ut
372 1634 505 1717 (laudab,
556 1635 688 1714 vouloir,
730 1635 814 1699 sicut
839 1628 870 1696 'a
908 1631 987 1695 dou-

176 1738 243 1800 leur
274 1746 305 1800 et
338 1736 494 1824 languetur
526 1737 696 1802 formamus
730 1735 926 1798 donloureux
957 1743 988 1800 et

176 1836 385 1924 longoureux.
432 1836 487 1903 Sic
509 1838 655 1924 imperite
683 1838 833 1903 scribitur
865 1837 990 1922 orgueil

175 1938 352 2023 (superbia)
367 1961 425 2024 pro
441 1941 585 2025 urguent
609 1940 830 2026 acquiescente
853 1947 885 2002 et
907 1939 987 2002 dun-

175 2048 265 2104 taxat
287 2039 485 2120 ostendente,
505 2063 532 2127 g
553 2040 675 2105 literam
696 2063 769 2106 esse
790 2039 899 2104 nativo
927 2061 987 2105 suo

176 2163 254 2206 sono
278 2143 357 2218 (non
379 2149 485 2205 autem
504 2163 561 2226 pro
576 2141 596 2222 j
614 2142 822 2223 consonante)
845 2163 987 2226 pronun-

173 2242 331 2323 tiandam,
353 2243 444 2306 utin
465 2241 633 2330 languetur,
662 2245 790 2331 rigueur
817 2251 850 2306 et
875 2242 988 2307 simili-

173 2344 243 2409 bus.
270 2344 398 2409 Inserta
417 2352 523 2409 autem
541 2343 601 2408 fuit
619 2345 667 2409 iili
683 2346 756 2411 voci
780 2344 903 2431 orgueil
928 2367 987 2430 per
1022 2371 1025 2378 ¹

173 2444 333 2509 inscitiam
361 2445 453 2510 litera
474 2449 487 2508 i
505 2455 634 2532 propter
649 2447 718 2512 eius
738 2446 987 2512 derivatumor·

171 2545 343 2631 guailleur,
364 2545 419 2611 ubi
438 2555 545 2611 tamen
566 2548 703 2633 quiescit
729 2557 762 2612 et
781 2547 910 2613 mollem
932 2571 986 2613 so·

173 2668 249 2709 unm
270 2646 361 2709 illum
383 2646 520 2731 duplicis
542 2648 566 2712 ll
586 2648 789 2715 demonstrat.

325 2868 383 2943 De
409 2869 523 2943 literis
550 2872 830 2969 quiescentibus.

237 3054 364 3119 Literas
386 3055 587 3140 quiescentes
607 3056 704 3122 habet
725 3055 853 3123 Gallica
873 3056 986 3141 lingua

172 3154 393 3221 Hebraeorum
413 3179 510 3239 more,
534 3180 665 3243 quarum
685 3159 856 3244 plerasque
876 3166 986 3221 tamen

172 3257 337 3343 probabile
377 3266 428 3323 est
464 3258 538 3323 olim
564 3259 666 3325 fuisse
694 3258 916 3344 pronuntiatas
953 3264 986 3322 et

171 3358 325 3444 paulatim
346 3381 408 3424 usu
430 3360 567 3445 quodam
591 3359 693 3426 veluti
715 3358 854 3441 attritas,
882 3366 918 3421 ut
944 3380 985 3425 ex

174 3480 211 3523 eo
234 3459 334 3546 liquet
356 3461 443 3545 quod
462 3461 519 3530 vix
532 3463 599 3528 ulla
613 3469 663 3526 est
676 3457 802 3526 Galliae
816 3457 986 3545 provincia
