2650 4270
321 478 364 542 70
564 475 602 529 De
621 475 704 530 literis
722 476 929 545 quiescentibus.

321 636 474 709 sonante,
494 649 575 713 quae
594 651 775 695 consonans
791 651 809 691 v
829 628 984 715 paulatim
1007 635 1057 693 est
1078 650 1134 694 ex-

319 729 410 812 trita,
438 751 476 795 ac
503 728 636 814 proinde
663 751 829 816 perperam
851 753 872 794 a
890 729 1053 796 nonnullis
1074 751 1134 814 pro

322 855 343 894 u
379 831 483 897 vocali
523 830 677 916 accipitur
723 831 764 895 ad
796 830 1052 898 constituendam
1084 829 1135 894 ‹li-

320 932 520 1019 phthongum
542 955 593 996 ou.
625 930 739 1018 Itaque
763 932 962 1017 sicquidem
985 930 1136 996 scribitur

319 1034 461 1099 futurum
475 1035 590 1096 i'ourni
602 1033 769 1117 (habebo),
793 1041 825 1096 tu
840 1053 938 1096 ouras
961 1031 1134 1115 (habebis),

320 1135 345 1198 il
364 1159 444 1198 outa
466 1134 637 1219 (habebit),
661 1157 742 1198 nous
762 1155 881 1198 outone
904 1134 1134 1218 (habebimus),

321 1258 401 1300 vous
417 1258 511 1300 cures
525 1236 723 1318 (habebitis),
746 1236 785 1300 ila
801 1245 915 1298 aaroni
929 1235 1134 1319 (habebunt),

320 1336 540 1423 imperfectum
579 1361 656 1403 vero
696 1337 890 1403 subiunctivi
921 1337 1035 1399 inuroi
1065 1335 1136 1419 (ha-

320 1437 452 1518 berem),
487 1446 520 1500 tu
549 1442 656 1502 ouroie
686 1438 856 1521 (haberes),
885 1437 908 1500 it
934 1441 1038 1501 ouroit
1064 1437 1135 1518 (hae

320 1539 433 1623 beret),
451 1561 531 1601 nous
546 1544 674 1604 auriono
691 1540 915 1621 (haberemus),
933 1561 1012 1602 vous
1027 1542 1136 1602 curies

319 1640 518 1722 (haberetis),
531 1639 566 1703 ils
577 1644 721 1704 aurolent
729 1640 920 1722 (haberent),
934 1662 1015 1725 qnae
1028 1639 1136 1707 omnia

318 1743 450 1822 extrita,
473 1753 509 1806 ut
523 1763 601 1806 usus
617 1742 769 1824 obtinuit,
792 1751 988 1808 consonante
1010 1765 1037 1822 o,
1060 1764 1135 1826 pro—

198 1849 199 1856 ’
232 1879 241 1892 ·
319 1842 497 1907 nuntianda
523 1852 597 1908 sunt
622 1867 681 1930 per
703 1844 839 1930 simplex
861 1868 890 1926 a,
919 1866 957 1910 ao
980 1843 1009 1908 si
1032 1843 1134 1929 scrip·

318 1951 389 2007 tum
422 1951 508 2008 esset
540 1947 617 2023 oroi,
649 1967 737 2027 uros,
758 1968 832 2027 arn,
860 1967 926 2009 non
948 1953 1054 2010 autem
1075 1967 1135 2030 per

318 2043 552 2130 diphthongum
580 2068 632 2110 ou.
676 2047 759 2111 Nam
781 2067 800 2107 v
822 2068 895 2112 esse
916 2045 950 2110 in
970 2045 1021 2111 his
1043 2046 1134 2113 voci-

317 2145 378 2212 bus
397 2156 628 2213 consonantem
650 2148 719 2212 sive
743 2147 916 2232 digamma,
938 2169 1004 2212 non
1026 2157 1133 2214 autem

318 2247 477 2328 vocalem,
501 2249 641 2314 ostendit
654 2249 799 2313 infinitus
815 2249 930 2314 modus
953 2251 1041 2312 oooir
1063 2248 1133 2330 (ha-

318 2349 408 2429 bere)
438 2358 470 2414 et
502 2350 659 2436 analogia.
703 2349 846 2414 Mutatur
881 2351 965 2416 enim
998 2347 1015 2412 h
1048 2351 1081 2414 in
1113 2373 1134 2412 a

316 2449 493 2538 digamma,
525 2473 591 2516 non
623 2451 658 2515 in
690 2475 710 2513 u
738 2451 897 2532 vocalem,
932 2472 970 2515 ac
996 2449 1134 2536 proinde

319 2551 452 2617 dubium
466 2574 531 2616 non
547 2563 606 2634 est,
630 2561 754 2618 veteres
770 2551 885 2619 Gallos
906 2551 1135 2638 pronuntiasse

318 2651 442 2730 i'aurnr',
478 2653 591 2716 (nurci
619 2662 651 2718 et
671 2662 813 2719 caeteras
843 2675 999 2739 personas
1027 2676 1085 2740 per
1113 2675 1135 2717 o

320 2762 550 2820 consonantem
579 2755 691 2817 i'norni
714 2762 746 2820 et
769 2755 890 2818 c'cvroi,
936 2753 1027 2823 Siout
1056 2753 1136 2820 Itali

319 2854 527 2940 pronuntiant
546 2854 690 2920 bavero
713 2863 745 2920 et
765 2853 941 2921 haverei.

392 3074 450 3148 De
468 3076 752 3149 consonantibus
771 3076 1055 3173 quiescentibus.

457 3207 634 3294 Regulae
656 3210 865 3294 generales
889 3209 996 3275 duae.

381 3361 408 3426 Ι.
447 3361 543 3426 Nulla
581 3383 762 3427 consonans
801 3361 938 3448 quiescit
975 3359 1134 3426 inchoans

317 3463 477 3548 syllabam
514 3472 640 3550 praeter
665 3485 690 3548 g
717 3471 789 3529 ante
805 3486 825 3526 n
846 3463 957 3544 molle,
993 3462 1076 3528 siout
1097 3462 1136 3529 in
