2650 4270
321 415 362 480 86
626 416 664 470 De
683 419 842 473 accentibus.

324 575 446 650 nature,
481 571 611 652 coiture,
632 571 775 655 fortune,
805 594 966 659 personne
1005 575 1140 642 eandem

322 669 509 756 corripiunt.
555 671 681 758 Operae
708 673 847 759 pretium
876 675 971 742 etiam
992 675 1137 760 fecerint,

322 770 352 836 si
372 770 435 837 hcc
457 795 583 858 quoque
608 774 776 860 diligenter
798 776 1014 860 observarint,
1036 780 1138 845 maxi-

322 895 406 938 mum
427 896 500 940 esse
514 875 549 938 in
563 874 720 941 Francica
733 875 844 960 lingua
865 876 978 944 vitium
1000 881 1139 966 penulti-

323 997 407 1040 mam
428 986 543 1042 natura
563 980 694 1044 brevem
714 978 906 1065 producere,
934 989 1138 1066 quotcunque

323 1083 357 1139 et
390 1098 597 1165 quaeeunque
630 1084 845 1145 consonantes
877 1079 964 1148 iliius
997 1106 1138 1170 pronun·

324 1176 491 1246 tiatiouem
533 1189 738 1246 remorentur.
802 1180 858 1248 Sic
897 1182 932 1246 in
976 1183 1137 1262 desordre,

323 1279 480 1362 relordre,
525 1280 686 1355 discorde,
730 1283 942 1366 misericorde,
984 1283 1138 1368 reddense,

320 1401 468 1464 parcere,
505 1381 647 1465 odorrler,
689 1384 854 1466 endormrr,
892 1397 1052 1472 opporter,
1085 1409 1139 1450 err-

323 1479 438 1556 hcrter.
479 1484 622 1548 exhorter
663 1500 696 1550 et
734 1481 869 1552 infinitis
908 1488 980 1554 aliis
1025 1489 1138 1574 penni-

322 1584 419 1649 timae
445 1584 605 1670 positione
632 1584 748 1670 longae
777 1594 890 1652 natura
909 1597 1017 1654 tamen
1039 1589 1137 1654 corri-

322 1686 462 1771 piuntur.
497 1685 552 1752 Sic
568 1686 663 1751 etiam
676 1687 791 1752 breves
806 1687 930 1774 priores
952 1690 988 1754 in
1009 1713 1137 1772 comme,

322 1787 480 1870 roraverit,
531 1785 661 1862 dormir,
705 1797 812 1872 porte,
858 1787 976 1872 donne,
1022 1791 1136 1873 donne,

323 1887 402 1952 delle
421 1910 583 1974 nunquam
601 1887 666 1953 nisi
685 1887 894 1955 vitiosissime
909 1890 1136 1977 producuntur,

322 2013 365 2056 ne
386 1990 421 2055 in
442 1990 551 2056 metris
574 1989 714 2075 quidem:
739 2010 802 2073 quo
822 1988 857 2052 iu
878 2012 914 2055 re
936 1991 1077 2077 graviter
1097 1991 1137 2057 ab

324 2091 367 2156 iis
395 2092 523 2179 peccari
549 2090 643 2155 video
667 2089 721 2175 qui
742 2089 918 2157 Francicos
939 2113 1053 2156 versus
1074 2114 1140 2157 non

322 2201 449 2258 tantum
463 2193 656 2278 syllabarum
669 2214 799 2256 numero
817 2201 849 2257 et
862 2183 1138 2272 ὃμοιοτελεὺτοις,

324 2317 408 2378 quae
419 2293 582 2379 rhythmos
596 2313 758 2373 vocamus,
777 2292 954 2373 aestiment,
971 2291 1140 2359 sedetiam

325 2395 462 2481 pedibus
486 2393 683 2460 Graecorum
705 2401 737 2456 et
757 2392 944 2459 Latinorum
966 2415 1052 2458 more
1073 2414 1139 2456 me-

324 2496 460 2579 tiuntur,
486 2496 590 2562 audax
608 2503 640 2560 ct
654 2493 762 2560 nobile
779 2504 864 2560 certe
878 2493 1058 2574 inventum,
1082 2492 1140 2558 sed

325 2597 412 2682 qnod
443 2597 581 2663 maxima
614 2594 801 2660 difficultate
832 2617 898 2659 non
930 2602 1030 2675 caret,
1071 2600 1140 2658 tum

325 2707 457 2784 propter
476 2699 643 2782 longarum
658 2696 851 2780 syliabarum
871 2694 1051 2780 penuriam,
1074 2701 1142 2758 tum

325 2799 427 2886 quod,
448 2808 483 2864 ut
496 2797 590 2865 modo
606 2797 686 2878 dixi,
710 2798 744 2862 in
758 2796 914 2862 Francica
928 2796 1039 2881 lingua
1051 2793 1142 2860 nulla

326 2893 1143 2988 positiopenultimemnatnrabrevemsinemaxima

326 3002 452 3070 aurium
474 3000 649 3066 offensione
669 2997 826 3085 producit.
870 2996 943 3062 Etsi
971 3018 1048 3063 vero
1069 2994 1142 3060 bre·

327 3107 415 3170 vium
435 3112 468 3168 et
480 3103 648 3187 longarum
663 3099 833 3166 discrimen
848 3121 909 3165 usu
923 3098 1031 3184 potius
1046 3117 1143 3182 quam

327 3214 396 3272 arte
430 3205 578 3284 discitur,
611 3211 717 3267 tamen
749 3222 869 3286 paucas
900 3199 981 3265 istas
1014 3195 1143 3282 regulas

326 3307 408 3376 mihi
437 3305 532 3373 libuit
556 3304 591 3368 in
617 3301 854 3388 peregrinorum
881 3299 1016 3386 gretiam
1044 3321 1063 3363 a
1089 3317 1144 3362 mo

329 3410 518 3475 observatas
541 3404 709 3472 subiicere.
