2650 4270
246 465 285 522 De
303 467 432 521 onolitiois
451 466 617 522 dictionibus.
635 467 674 521 De
693 471 803 522 accentu
821 467 945 539 interrog.
972 469 1012 534 91

351 671 409 746 De
428 673 603 746 enolitiois
623 672 854 746 dictionibus,

263 821 443 889 Enolitioae
480 823 636 888 dictiones
672 830 841 897 vocantur,
880 845 961 908 quae
994 846 1014 890 a

200 923 423 1008 praecedentis
440 923 590 990 dictionis
605 933 681 991 tono
704 923 860 1010 pendent,
881 924 922 990 de
943 925 1013 1010 qui·

201 1025 262 1090 bus
283 1023 364 1091 haee
385 1025 497 1111 regula
518 1025 696 1092 certissima
715 1032 777 1091 est:

265 1123 379 1192 Omnis
395 1126 492 1192 diotio
506 1127 727 1213 monosyllaba
736 1127 834 1212 longa
848 1127 900 1192 vel
921 1127 1013 1214 poly-

201 1225 326 1312 syllaba
345 1226 380 1290 in
406 1228 534 1316 longam
556 1229 707 1294 desinens
733 1228 856 1294 aeuitur
887 1238 919 1295 et
939 1231 1011 1296 bre·

199 1348 272 1394 vem
313 1329 457 1415 proxime
495 1339 682 1416 sequentem
718 1329 904 1412 diutionem,
942 1331 1012 1396 sive

198 1429 451 1515 monosyllabum
481 1431 550 1496 sive
572 1432 666 1496 etiam
698 1430 918 1516 dissyllabam,
952 1454 1010 1498 suo

73 1545 80 1556 '
198 1538 275 1596 tono
307 1531 452 1613 subiicit,
488 1532 581 1616 quasi
610 1554 680 1598 oum
707 1555 746 1598 ea
772 1533 896 1614 ooiens,
925 1533 1011 1618 quod
1120 1618 1124 1626 .

199 1631 293 1696 valde
322 1633 456 1718 optarim
482 1632 518 1695 in
537 1634 777 1718 peregrinorum
798 1634 931 1718 gratiam
952 1657 1010 1699 no-

198 1732 260 1796 tari
270 1743 406 1800 aooentu
417 1742 524 1816 aoutn,
541 1734 625 1800 siout
636 1731 753 1800 Graeci
765 1742 1008 1801 consueverunt.

197 1830 388 1921 Exemplum
417 1834 709 1920 monosyllabarum
741 1827 897 1915 c'est'rboi,
924 1835 1010 1899 c'est'

197 1954 288 2014 vous,
319 1936 461 2020 c’esl'lui,
493 1935 558 2000 celo
589 1935 718 2017 esthon,
749 1934 826 1999 o'est
847 1934 914 1998 bie'n
936 1934 1008 2014 dict,

198 2057 271 2100 sera
310 2037 379 2100 bie'n
402 2037 503 2119 faiel,
541 2060 580 2100 ou
613 2037 680 2100 s’e'n
715 2059 764 2099 vo.
817 2034 1009 2123 Exemplum

199 2136 446 2223 dissyllaborum
476 2159 518 2200 un
547 2136 603 2202 ton
626 2142 713 2224 pais,
741 2160 801 2202 une
823 2137 916 2202 close
933 2137 1009 2202 die'n

200 2234 288 2313 dicte,
312 2261 372 2302 uno
394 2237 484 2301 close
505 2235 573 2299 hie'a
586 2237 697 2320 faicte,
722 2262 762 2300 on
784 2238 851 2302 s’e'n
874 2242 930 2304 iro.

346 2471 404 2546 De
423 2483 574 2547 acoentu
591 2474 851 2574 interrogante.

261 2639 425 2706 Aooentus
446 2641 645 2728 interrogans
662 2667 700 2711 eo
716 2643 821 2710 differt
835 2667 854 2709 a
869 2645 1008 2714 dictione

200 2739 356 2824 molitiem,
379 2743 463 2827 quod
478 2744 552 2830 ipsa
572 2743 685 2810 ultima
706 2745 831 2831 syllaba
852 2748 1007 2815 orationis

196 2862 256 2925 per
276 2841 557 2929 interrogationem
578 2855 770 2933 oonoeptae,
798 2869 1007 2935 quaeeunque

198 2951 230 3008 et
251 2952 494 3032 quantacunque
514 2947 571 3013 illa
591 2947 634 3011 sit
654 2957 781 3028 natura,
801 2949 836 3011 in
849 2947 1006 3015 Franoioo

197 3065 342 3112 sermone
370 3049 506 3132 aeuitur,
536 3059 571 3115 ut
599 3071 660 3134 que
682 3047 881 3112 dites-vous?
899 3049 1007 3133 ferez-

197 3168 276 3209 oous
304 3146 392 3210 celo?
417 3173 456 3216 ne
484 3171 564 3215 vous
586 3153 853 3235 repentinos-vous
875 3147 1008 3211 ieiunis?

197 3247 287 3313 ouius
314 3250 585 3332 pronuntiationis
611 3272 715 3338 usque
741 3249 821 3315 adeo
849 3257 924 3314 sunt
949 3249 1007 3315 ob-

112 3422 115 3430 ,
196 3356 361 3415 sementes
375 3350 569 3437 Normanni,
591 3359 628 3417 ut
646 3350 787 3418 etiamsi
807 3349 890 3414 nihil
909 3348 1007 3414 inter·

194 3457 320 3533 rogent,
353 3452 411 3517 sed
445 3453 600 3524 duntaxat
624 3458 743 3539 negent
770 3457 825 3514 aut
851 3448 1007 3516 affirment
