2650 4270
560 494 631 557 ae.
747 479 750 488 '
960 498 1000 561 15

191 653 223 708 et
234 645 368 730 perluit,
390 644 492 708 lasset
509 654 540 710 et
555 667 654 710 acceo.
698 646 794 728 Quod
814 649 842 713 si
862 647 1000 713 obtineri

190 747 295 831 possit
316 756 351 810 ut
372 746 447 812 huie
466 746 586 832 triplici
612 771 691 815 sono
713 750 829 834 triplex
849 749 902 815 hio
924 749 1000 814 eha-

188 856 291 912 raoter
321 849 521 931 attribuatur,
550 872 667 937 nempe
694 873 710 913 e
736 873 794 936 pro
820 850 882 916 hae
907 851 1000 916 litera

190 949 298 1014 olauso
322 971 401 1015 sono
424 956 456 1014 et
476 951 619 1017 masculo
642 952 815 1033 efferenda,
839 975 856 1015 e
876 975 934 1038 pro
949 953 999 1017 in·

188 1047 289 1114 traete
319 1059 350 1114 et
376 1050 539 1116 lenissimo
576 1051 671 1118 huius
702 1054 813 1118 literae
847 1076 940 1119 sono:
981 1075 999 1117 e

190 1151 327 1236 denique
349 1173 406 1238 pro
429 1151 626 1238 diphthongo
648 1177 695 1231 ae,
718 1175 909 1239 magnopere
931 1160 998 1217 tum

188 1251 270 1338 ipsis
287 1252 422 1318 Francis
438 1252 610 1339 plerisque,
631 1263 698 1319 tum
718 1255 753 1320 in
774 1255 885 1341 primis
907 1277 1001 1340 pere-

189 1353 290 1438 grinis
324 1362 451 1419 sautum
484 1363 579 1421 esset.
631 1357 701 1421 Alii
735 1363 901 1442 praeterea
937 1358 999 1422 duo

190 1463 263 1520 sunt
279 1454 350 1522 soni
364 1455 459 1520 buius
474 1455 585 1521 literae
601 1456 659 1522 sed
677 1455 808 1543 prorsus
830 1456 1000 1521 adulterini

190 1564 222 1621 et
249 1555 401 1642 paulatim
432 1565 551 1622 mutata
578 1557 705 1642 quidem
729 1557 998 1643 pronuntiatione,

189 1656 247 1722 sed
269 1657 380 1723 eadem
401 1667 549 1724 manente
569 1659 734 1745 scriptura,
756 1658 791 1722 in
810 1656 1000 1722 Franoieam

187 1757 329 1843 linguam
342 1759 472 1824 invecti.
502 1758 698 1826 Coaleseens
721 1759 806 1825 enim
829 1780 846 1821 e
868 1757 903 1822 in
924 1780 999 1823 ean·

189 1858 261 1924 dem
276 1859 432 1945 syllabam
447 1881 520 1925 eum
541 1884 581 1938 m,
604 1870 639 1926 ut
660 1860 807 1948 tempore!
827 1859 1000 1944 (tempora-

187 1961 255 2045 lis),
276 1961 330 2027 vel
344 1985 366 2023 n
381 1960 450 2027 sive
465 1962 535 2027 sola
549 1970 581 2027 et
596 1984 712 2028 sonora
731 1970 766 2027 ut
787 1963 898 2026 i‘enten
922 1961 998 2047 (ego

187 2061 357 2148 intelligo),
381 2061 450 2128 sive
466 2063 614 2129 adiuncto
630 2061 660 2138 d,
676 2072 712 2128 ut
727 2061 841 2129 entend
865 2063 999 2147 (intelli-

188 2161 259 2246 git),
276 2162 329 2228 vel
346 2173 358 2226 t
372 2172 408 2228 ut
422 2172 544 2228 content
553 2165 762 2250 (contentus),
775 2166 1000 2251 pronuntiatur

187 2270 222 2326 ut
243 2285 273 2328 o.
316 2261 430 2348 Itaque
452 2265 487 2330 in
507 2265 558 2331 his
580 2266 713 2332 vocibus
735 2273 881 2330 constant
906 2265 1000 2349 (eon-

188 2363 303 2448 stans),
332 2372 365 2430 et
381 2373 505 2430 content
517 2367 727 2452 (contentus),
751 2391 791 2432 aa
807 2366 942 2452 (annus)
967 2373 999 2431 et

187 2487 224 2529 en
246 2465 310 2549 (in)
347 2465 475 2533 diversa
503 2477 553 2533 est
579 2469 750 2554 scriptura,
776 2466 998 2556 pronuntiatio

135 2632 137 2636 ,
186 2588 263 2631 vero
284 2574 374 2632 reeta
395 2567 449 2632 vel
471 2569 590 2651 eadem,
616 2569 670 2636 vel
685 2569 867 2635 tenuissimi
884 2569 999 2634 discri-

185 2666 298 2748 minis,
328 2675 360 2732 et
388 2668 474 2755 quod
498 2671 555 2736 vix
580 2671 710 2737 auribus
736 2671 859 2757 percipi
882 2671 997 2758 possit.

185 2765 311 2852 Excipe
340 2776 473 2854 quatuor
494 2769 553 2837 has
580 2773 727 2838 voculas:
750 2774 861 2836 ancien
888 2773 998 2859 trisyl-

185 2870 292 2937 labum
315 2870 506 2956 (antiquus),
529 2872 590 2936 lien
612 2871 803 2956 (vinculum)
830 2880 863 2938 et
883 2873 998 2959 moijen

186 2972 364 3056 (medium),
377 2976 462 3060 fient
473 2973 596 3058 (fimus)
612 2975 771 3062 disyllaba
793 2981 824 3039 et
836 2973 997 3059 quotidien

186 3072 421 3160 (quotidianus)
453 3071 586 3160 quatuor
609 3077 818 3162 syllabarum,
858 3074 996 3158 denique

186 3176 291 3240 omnia
309 3175 441 3262 gentilia
454 3178 593 3260 nomina,
616 3184 651 3260 ut
662 3179 805 3242 Parieien
817 3174 996 3258 (Parisien
1038 3219 1040 3224 ·

186 3276 257 3361 sis),
295 3276 454 3342 sat-auen
476 3276 748 3362 (Sabaudiensis),
770 3279 805 3342 in
834 3275 952 3362 quibus
979 3298 997 3340 e

185 3377 327 3442 clausum
349 3378 498 3444 scribitur
520 3388 551 3446 et
572 3381 722 3446 distinete
742 3378 877 3459 auditur,
901 3379 914 3438 i
931 3384 996 3441 ete

184 3499 386 3564 nequaquam
410 3479 446 3544 in
468 3480 696 3568 diphthongum
719 3476 994 3546 convenientibus.
