2650 4270
636 442 675 495 De
693 440 871 511 diphthongis.

648 648 706 720 Aa
733 658 770 719 et
797 672 853 720 ao.

405 799 498 865 Haec
521 820 646 884 qnoque
670 796 886 883 diphthongus
909 796 1000 860 ahter
1014 818 1156 881 pronun·

340 902 438 966 tiatur
464 922 560 986 quam
588 897 748 979 scribitur,
786 898 834 963 sic
863 897 1011 962 nimirum
1037 904 1072 960 ut
1101 897 1156 962 vel

341 1026 453 1090 parum
474 1003 527 1068 vel
547 1001 628 1066 nihil
650 999 818 1065 admodum
831 999 965 1064 differat
993 1000 1032 1064 ab
1056 1021 1073 1060 o
1096 1021 1154 1062 vo·

339 1105 411 1187 cali,
427 1113 463 1168 ut
477 1126 541 1166 aux
557 1102 672 1186 (allia),
684 1124 776 1186 poue
788 1100 893 1187 (pali),
912 1122 996 1163 vaux
1008 1099 1151 1184 (valles),

340 1229 422 1291 quae
443 1205 499 1270 vix
525 1204 615 1269 aliter
641 1203 718 1267 mihi
745 1203 893 1267 videntur
921 1223 1035 1268 sonare
1058 1223 1153 1286 quam

337 1306 374 1370 in
387 1328 422 1368 os
435 1305 550 1390 (ossa),
562 1303 764 1387 oos(vestri),
773 1325 899 1389 propos
912 1302 1151 1390 (propositum).

338 1406 514 1472 Normanni
537 1429 613 1472 vero
641 1405 689 1470 sic
715 1404 772 1469 iila
798 1427 913 1470 sonore
941 1405 1152 1491 pronuntiant

338 1517 374 1572 ut
395 1531 415 1570 a
438 1517 469 1573 et
491 1531 509 1570 o
533 1507 715 1587 audiantur,
751 1514 786 1570 ut
813 1507 868 1591 qui
895 1506 1002 1572 dicant
1028 1515 1150 1588 natant,

336 1610 471 1695 perinde
503 1631 586 1695 pene
609 1608 677 1673 acsi
700 1607 853 1693 scriptum
879 1616 966 1672 esset
995 1617 1149 1688 o·o-tant;

335 1710 437 1796 fitque
468 1710 604 1775 fortasse
634 1709 766 1794 antiqua
793 1717 824 1774 et
859 1731 936 1774 vera
970 1708 1065 1775 huius
1102 1709 1149 1773 di·

335 1811 493 1897 phthongi
512 1819 578 1876 tum
591 1810 727 1895 prolatio
749 1819 816 1874 tum
835 1809 1001 1895 scriptura,
1018 1832 1099 1895 quae
1114 1809 1149 1874 in

335 1913 482 1997 pauculis
509 1911 612 1977 adhue
639 1911 833 1978 dictionibus
856 1935 875 1976 a
896 1911 1057 1976 nonnullis
1081 1933 1148 1976 ser-

335 2021 444 2094 vatur,
466 2035 580 2098 nempe
600 2012 635 2075 in
643 2035 735 2098 paon
757 2013 883 2098 (pavo),
897 2013 984 2093 fuon
1008 2012 1146 2095 (foetus),

333 2111 370 2177 in
396 2113 511 2197 quibus
539 2135 625 2178 nunc
654 2137 671 2176 o
702 2113 848 2199 quiescit.
899 2113 1145 2179 Pronuntiamus

335 2214 420 2278 enim
440 2238 512 2301 pan
541 2225 573 2280 et
593 2215 665 2290 fau.
720 2217 767 2281 At
799 2217 834 2280 in
873 2217 971 2282 verbo
997 2216 1146 2298 saonner,

332 2315 421 2401 quod
443 2316 482 2381 de
505 2337 669 2382 cervarum
697 2325 791 2402 pantu
814 2317 941 2399 dicitur,
969 2317 1087 2382 mansit
1115 2327 1146 2382 et

333 2417 492 2503 scriptura
522 2427 554 2482 et
584 2418 800 2504 pronuntiatio
833 2418 927 2484 huius
957 2418 1145 2504 diphthongi

332 2517 467 2603 integra.
512 2517 566 2586 Sic
591 2527 717 2584 veteres
745 2519 863 2584 Franci
896 2519 1079 2586 scribebant
1113 2527 1144 2586 et

330 2619 583 2704 pronuntiabant
600 2642 710 2706 poour
737 2621 873 2708 (pavor).
916 2621 964 2686 At
983 2643 1070 2686 nunc
1096 2621 1143 2686 sio

332 2720 462 2806 quidem
482 2721 670 2807 plerumque
690 2722 771 2789 haec
792 2725 890 2791 dictio
905 2723 1062 2805 scribitur,
1085 2722 1143 2788 sed

331 2831 438 2886 tamen
470 2822 597 2887 effertur
631 2847 690 2909 per
723 2848 761 2888 eu
796 2825 1039 2912 diphthongum,
1074 2824 1143 2889 acsi

331 2923 542 2990 scriberemus
565 2947 659 3010 peur.
713 2925 754 2991 In
780 2927 903 2992 duobus
935 2936 1039 2992 autem
1070 2925 1141 2991 istis

330 3027 498 3095 vocabulis
512 3048 640 3111 poovre
660 3027 807 3114 (pauper)
830 3035 863 3094 et
874 3036 1028 3112 paovrete
1050 3028 1141 3112 (pau-

329 3125 451 3207 pertas)
474 3125 601 3194 videtur
617 3153 636 3192 a
658 3129 820 3212 insertum,
843 3153 884 3194 ne
907 3130 978 3215 quis
1001 3151 1140 3216 pronun-

328 3221 424 3288 tiaret
437 3249 568 3311 pou-re,
598 3238 629 3294 et
643 3240 810 3315 pou-reete
830 3254 888 3318 per
905 3254 947 3294 oa
969 3229 1139 3316 diphthon-

328 3343 413 3405 gum.
458 3325 524 3392 Sed
544 3329 639 3395 vitari
659 3329 784 3399 facilius
805 3333 867 3399 hoc
886 3333 1004 3419 potuit,
1033 3333 1061 3398 si
1086 3332 1139 3397 vel

328 3431 364 3486 ut
384 3426 520 3495 maiores
535 3432 637 3498 nostri
651 3444 802 3520 usurpato
818 3433 999 3502 charactere
1021 3457 1038 3498 o
1062 3457 1140 3501 con·
