2650 4270
487 429 525 485 De
543 432 706 487 accentibus.
957 435 999 500 87

253 583 383 650 Prima
403 584 562 671 Regula.
604 586 678 652 Non
699 606 820 672 paucae
843 583 999 651 dictiones

190 683 366 753 Francicac
383 685 461 752 solis
476 687 627 753 brevibus
642 694 803 768 constant,
826 695 862 751 nt
882 687 1001 750 mireri-

191 788 296 870 corde,
330 809 412 874 quae
443 810 507 854 vox
537 788 677 874 quinque
708 789 859 854 brevibus
888 796 1001 853 natura

192 888 326 976 syllabis
353 898 486 956 constat.
530 891 577 956 At
601 888 690 954 nulla
711 899 836 956 constat
855 889 1000 976 pluribus

191 991 371 1077 productis,
399 991 527 1056 minime
548 991 583 1056 id
604 990 730 1075 quidem
753 990 845 1076 quasi
864 1013 931 1056 non
951 991 1001 1055 in·

192 1090 361 1156 veniantur
374 1115 472 1159 voces
492 1093 528 1156 in
550 1092 665 1178 quibus
687 1092 795 1178 plures
818 1091 882 1156 sint
904 1091 1001 1177 sylla-

192 1192 253 1258 bae
279 1203 393 1259 natura
412 1194 542 1280 longae,
572 1193 802 1280 sedquoniam
833 1193 887 1260 vel
912 1202 1001 1260 antc-

193 1294 368 1378 penultima
381 1295 491 1381 longa,
508 1296 536 1362 si
549 1296 726 1381 penultima
740 1317 878 1380 sequens
892 1293 1001 1360 brevis

193 1394 302 1477 fuerit,
336 1395 389 1462 vel
414 1396 588 1484 penultima
612 1396 710 1481 longa
736 1396 784 1462 sic
811 1394 1000 1476 dominatus,

194 1505 230 1561 nt
254 1496 395 1582 reliquae
423 1499 650 1586 praecedentes
673 1497 829 1582 syllabae,
857 1497 1001 1582 quamvis

193 1607 308 1663 natura
342 1599 470 1683 longae,
506 1621 567 1665 nec
600 1607 753 1664 acuantur
783 1607 906 1678 tamen,
940 1619 1002 1664 nec

194 1721 271 1765 rere
314 1700 538 1786 producantur.
592 1699 745 1787 Exempli
781 1699 883 1785 gratia
921 1698 1002 1765 haec

196 1800 293 1868 dictio
312 1801 526 1866 entendement
537 1809 663 1868 constat
684 1824 725 1866 ex
745 1802 867 1868 duabus
889 1800 1003 1886 priori-

194 1902 256 1968 bus
288 1912 401 1969 natura
432 1902 552 1988 longis,
585 1911 621 1966 nt
650 1902 685 1966 in
716 1901 862 1988 proxima
892 1901 1005 1987 regula

195 2004 416 2086 ostendemus,
444 2003 531 2090 prior
553 2012 659 2068 tamen
677 2011 727 2068 est
747 2001 872 2089 aequali
892 2010 1004 2070 tenore

194 2105 398 2191 proferenda,
426 2113 502 2171 tono
530 2113 564 2169 et
590 2103 765 2189 quantitate
792 2102 827 2168 in
849 2103 1005 2189 syllabam

195 2206 479 2292 antepenultimam
498 2205 637 2271 reiectis.
674 2203 771 2285 Quod
792 2205 821 2270 si
840 2204 916 2270 huic
938 2206 1005 2271 dic2

194 2307 276 2372 ticni
303 2307 477 2373 subieceris
506 2305 701 2387 encliticam,
731 2314 766 2370 ut
792 2304 1007 2370 entendcment

196 2407 266 2489 boo,
288 2418 365 2474 tunc
385 2408 455 2473 sola
481 2407 550 2472 eius
572 2406 684 2472 ultima
705 2415 849 2488 acuetur,
871 2406 1004 2494 reliquis

195 2509 339 2575 velutin
360 2507 503 2574 ordinem
523 2507 672 2574 redactis.
711 2507 766 2576 Sic
787 2508 822 2573 in
842 2507 904 2574 hac
924 2531 1006 2576 voce

197 2606 354 2690 entendre,
375 2609 519 2694 quamvis
541 2609 623 2675 duae
650 2610 773 2697 priores
803 2610 869 2676 sint
892 2619 1006 2677 natura

194 2708 326 2795 longae,
363 2709 433 2776 sola
467 2719 574 2778 tamen
608 2711 783 2796 penultima
818 2710 943 2776 acuitur
975 2721 1007 2778 et

195 2811 397 2898 producitur,
426 2834 466 2877 ex
485 2812 580 2878 tertia
599 2814 711 2901 regula
732 2835 827 2899 qnam
846 2835 923 2877 mox
942 2821 1007 2878 tra·
1092 2809 1101 2820 ’

195 2913 319 2980 demus.
341 2911 397 2980 Sic
411 2913 446 2978 in
459 2912 520 2980 hac
533 2937 614 2981 voce
629 2917 718 2979 eruic
731 2912 889 2994 (invidia),
911 2913 1007 2978 etiarn

119 3023 124 3032 '
196 3015 318 3097 divisa,
347 3023 383 3080 nt
414 3037 451 3078 en
474 3019 522 3081 uie
543 3016 595 3101 (in
621 3015 714 3099 vita),
737 3014 863 3079 auditur
885 3012 1007 3098 amphi-

194 3116 334 3183 brachus
349 3141 422 3167 w
457 3129 589 3207 propter
621 3115 832 3203 penultimam
859 3115 1005 3199 longam3

196 3225 230 3284 at
256 3218 290 3284 in
316 3221 446 3286 nomine
475 3224 606 3286 enuieux
636 3231 767 3304 propter
796 3213 1008 3300 penultimam

194 3318 326 3385 brevem
353 3321 479 3386 auditam
500 3320 735 3411 amphimacrus
756 3342 832 3366 -ν-
852 3315 1010 3401 producta

196 3421 461 3506 antepenultima,
489 3420 629 3511 quaein
651 3418 740 3481 eruic
761 3414 938 3502 corripitur.
