2650 4270
432 476 793 543 nunnus
954 479 996 544 w

184 653 264 718 quas
282 653 380 698 voces
395 631 636 717 pronuntiamus
651 629 704 694 lou
720 640 752 696 et
766 629 847 695 leus.
874 628 998 697 Contra

182 756 248 800 non
277 731 415 820 quiescit
440 732 474 798 in
497 753 578 818 caup
601 731 717 815 (ictus)
742 739 775 797 et
801 752 858 817 sep
887 730 997 815 (vitis)

185 833 410 919 singularibus.
461 831 580 898 Verum
611 832 645 898 in
678 832 849 898 earundem
880 853 997 898 vocum

183 936 308 1023 plurali,
330 956 447 1020 nempe
462 956 561 1021 coups
577 943 610 1000 et
629 955 717 1020 sepe,
740 933 891 1020 quiescit,
915 955 997 1020 quaa

184 1039 341 1106 dictiones
353 1034 597 1123 pronuntiamus
608 1057 685 1098 ecus
697 1044 729 1100 et
739 1057 802 1100 scs.
825 1032 997 1104 Caeterum

185 1140 282 1207 scribi
299 1138 393 1204 etiam
411 1133 614 1202 consuevita
634 1135 797 1202 nonnulis
819 1135 903 1202 inter
925 1157 942 1199 e
964 1143 999 1201 et

186 1266 203 1306 v
226 1246 466 1318 consonantem,
481 1259 523 1302 ne
539 1235 771 1303 confundantur
792 1258 865 1302 cum
888 1258 927 1300 eu
949 1235 998 1302 di·

184 1342 368 1429 phthongo,
392 1348 427 1406 ut
448 1337 621 1424 ensepoelir
640 1337 809 1424 (sepelire)
831 1359 889 1424 pro
912 1359 999 1402 ενιιε-

186 1443 277 1525 veta,
302 1442 338 1508 in
366 1441 483 1527 quibus
508 1438 642 1506 vocibus
671 1438 699 1504 si
725 1437 898 1520 scribatur,
927 1438 999 1524 qni·

185 1553 287 1624 escet;
315 1564 425 1608 verum
450 1540 646 1628 praestiterit
667 1538 808 1625 expungi
829 1549 866 1604 ut
886 1561 999 1626 supcr-

184 1666 376 1724 ιιιιιιιιιθιιιιι,
403 1643 488 1709 sicut
507 1641 543 1706 in
563 1639 624 1707 hac
645 1661 726 1706 voce
748 1642 884 1727 eacripre
905 1640 1000 1724 (scri-

185 1746 286 1826 bere),
309 1753 342 1810 ut
362 1745 471 1830 inepte
493 1742 591 1828 aliqui
614 1741 691 1808 olim
713 1741 905 1808 scribebant.

463 1895 521 1972 De
553 1891 646 1979 Qec
670 1895 716 1970 R.

249 2047 322 2116 Hae
343 2048 454 2115 literae
475 2069 638 2134 nunquam
660 2046 839 2132 quiescunt.

531 2199 589 2275 De
615 2197 652 2274 S.

248 2356 343 2426 Haec
371 2351 466 2420 litora
485 2349 603 2417 finiens
625 2349 814 2432 dictionem,
838 2369 1001 2436 quaecun-

186 2481 249 2546 que
264 2473 448 2524 consonans
461 2450 607 2538 proxime
622 2459 809 2537 sequentem
826 2448 1002 2518 (Uononem

186 2559 335 2645 incipiat,
356 2551 511 2641 quiescit,
523 2559 644 2618 utente
656 2551 686 2635 b,
699 2551 744 2616 les
758 2549 836 2616 bons
846 2549 1001 2633 hommem

189 2667 263 2726 ante
285 2681 311 2739 e,
334 2654 379 2720 les
401 2675 472 2735 0⁰⁸3
501 2660 574 2720 ante
596 2652 627 2737 d,
655 2653 700 2720 los
722 2651 845 2734 domem
869 2659 944 2718 ante
961 2674 1001 2740 g,

187 2765 234 2828 les
263 2779 362 2848 gens3
396 2763 471 2822 ante
502 2754 523 2839 1,
548 2755 603 2826 ‚ba
634 2755 739 2836 lunen
773 2761 848 2820 ante
880 2775 920 2835 m,
952 2750 1000 2816 lea

186 2861 378 2941 menclaum
401 2865 476 2924 ante
491 2879 523 2940 a,
547 2857 593 2924 les
608 2855 785 2938 convellam
809 2862 883 2922 ante
889 2876 929 2941 p,
952 2852 1001 2918 lec

182 2965 318 3052 partiam
352 2969 426 3026 ante
454 2983 484 3046 q,
510 2959 556 3026 lec
583 2962 760 3046 quanticum
794 2963 868 3023 ante
895 2977 923 3036 r,
951 2951 1000 3018 lec

185 3069 266 3148 roim
289 3071 363 3130 ante
384 3072 405 3147 t,
427 3063 475 3128 les
491 3071 601 3144 testem
623 3068 697 3128 ante
717 3082 736 3123 v
759 3061 1000 3134 consonantem,

184 3168 230 3235 les
241 3166 377 3249 vieilles,
392 3164 558 3251 inquibus
573 3159 770 3230 omnibusin
782 3157 844 3223 hac
859 3153 1000 3220 dictione

185 3267 230 3334 lca
269 3290 286 3334 a
315 3267 409 3335 litera
430 3264 577 3353 quiescit.
612 3261 738 3348 Excipe
759 3257 799 3323 tls
819 3275 1000 3344 pronomen

184 3370 324 3457 plurale,
347 3369 382 3433 in
398 3388 460 3454 quo
476 3386 603 3452 semper
616 3360 767 3449 quiescit,
791 3358 862 3426 sive
884 3375 1001 3442 sequa-

184 3479 236 3536 tur
267 3469 390 3538 vocalis
418 3487 476 3534 seu
504 3485 700 3544 consonans,
732 3470 768 3526 ut
794 3458 836 3523 ilo
864 3465 919 3523 ont
944 3454 1001 3530 dit,
