2650 4270
334 468 377 534 64
564 470 602 524 De
620 470 704 524 literis
722 471 928 538 quiescentibus.

334 620 427 688 cuius
450 621 586 688 dialecto
608 622 780 688 nonnullae
802 623 913 691 literae
936 647 1003 691 non
1022 623 1149 706 sileant,

334 722 473 806 quaein
495 722 578 788 alliis
600 723 780 788 efferuntur.
814 722 1027 804 Quiescentes
1043 735 1151 790 autem

333 820 416 890 istae
437 823 472 887 in
493 823 655 889 nonnullis
670 824 805 890 vocibus
828 825 947 891 idcirco
962 825 1149 907 retinentur,

339 934 375 990 ut
389 926 559 992 discrimen
580 926 708 1012 aliquod
723 925 934 992 constituatur
954 927 1037 992 inter
1051 949 1150 994 voces

337 1025 479 1112 alioquin
495 1028 639 1094 similiter
649 1049 780 1113 prorsus
797 1027 986 1107 enuntiatas,
1002 1038 1036 1092 ut
1051 1051 1150 1113 quum

339 1129 506 1196 scribimus
523 1129 599 1213 first
620 1129 745 1211 (esset),
769 1137 804 1194 ut
825 1128 1040 1216 distinguatur
1061 1155 1080 1196 a
1092 1132 1151 1214 snt

338 1229 432 1312 (fnit),
455 1230 627 1316 itidemque
639 1229 703 1316 fist
717 1229 871 1310 (faceret),
893 1241 929 1295 ut
951 1232 1150 1300 discernatur

338 1352 359 1394 a
370 1332 416 1414 fit
436 1331 552 1417 (fecit),
574 1332 609 1396 in
629 1332 743 1418 quibus
758 1340 864 1396 tamen
879 1333 1022 1418 utrisque
1039 1334 1150 1398 cadem

337 1453 469 1516 prorsus
506 1434 632 1498 auditur
667 1432 897 1520 pronuntiatio,
940 1457 977 1498 eo
1015 1445 1148 1521 excepto

338 1534 424 1617 qnod
450 1534 484 1598 iu
503 1533 579 1617 fust
605 1543 637 1598 et
654 1534 717 1620 fist
741 1533 867 1598 auditur
894 1543 989 1600 tonus
1017 1535 1150 1600 cucum-

337 1634 449 1716 flexus,
473 1635 606 1702 aliorum
626 1656 703 1699 vero
717 1635 859 1717 duorum,
879 1644 956 1721 puta
970 1635 1028 1722 fut
1048 1646 1080 1702 et
1092 1638 1147 1722 fii,

336 1736 446 1802 brevis
469 1745 519 1802 est
538 1735 771 1822 pronuntiatio,
799 1737 885 1822 qnod
907 1737 1078 1802 discrimen
1098 1747 1150 1822 ty-

336 1838 495 1924 pographi
525 1837 664 1924 imperiti
696 1859 761 1904 non
788 1837 969 1904 observant
1014 1837 1150 1906 Subscr-

337 1938 429 2004 viunt
452 1939 547 2004 etiarn
579 1939 690 2006 literae
723 1937 925 2030 quiescentes
958 1938 1149 2004 indicandae

337 2041 564 2126 etymologiae,
592 2048 628 2106 ut
654 2061 751 2124 quum
778 2038 945 2104 scribimus
968 2043 1074 2125 petits,
1101 2042 1150 2107 in-

338 2151 425 2206 serta
445 2141 538 2208 litera
560 2151 580 2222 i,
610 2163 691 2226 quae
719 2149 826 2206 tamen
854 2139 1007 2224 quiescit,
1036 2163 1151 2228 nempe

339 2250 375 2306 ut
390 2242 540 2324 sciamus,
557 2242 643 2309 hunc
663 2263 829 2306 numerum
847 2240 1003 2326 pluralem
1016 2265 1082 2309 non
1097 2244 1153 2310 de-

338 2342 413 2408 duci
440 2367 460 2408 a
485 2342 682 2410 nominativo
706 2344 784 2426 peti,
816 2341 900 2408 sicut
928 2343 1062 2412 dicimus
1090 2347 1155 2408 ami

337 2467 468 2510 numero
485 2444 648 2530 singulari,
666 2451 698 2508 et
708 2465 839 2508 numero
855 2443 970 2529 plurali
983 2449 1071 2526 omis,
1093 2446 1151 2512 sed

338 2567 359 2609 a
377 2545 576 2612 nominativo
597 2547 695 2630 petit,
725 2552 758 2610 et
783 2552 819 2609 ut
839 2567 1021 2612 moneamur
1041 2546 1152 2612 foemi-

337 2645 447 2709 ninum
475 2646 670 2712 adiectivum
700 2667 765 2712 non
796 2667 870 2712 esse
889 2650 988 2732 petie,
1022 2647 1105 2712 sicut
1133 2671 1153 2712 a

336 2745 515 2812 masculino
543 2748 608 2808 ami
633 2745 800 2812 deducitur
826 2747 1033 2812 foemininum
1061 2751 1151 2830 nmio,

338 2847 397 2912 sed
415 2851 522 2933 petite.
555 2846 676 2914 Verum
700 2856 735 2912 ut
755 2847 835 2916 hacc
857 2849 938 2915 ratio
959 2849 994 2914 in
1014 2852 1152 2915 nonnul·

336 2947 377 3013 lis
407 2949 600 3016 dictionibus
628 2949 734 3014 valeat
767 2951 871 3035 sitque
900 2951 1069 3036 diligenter
1095 2955 1153 3019 ob·

337 3052 508 3133 servanda,
546 3075 612 3119 non
645 3061 752 3118 tamen
779 3052 995 3137 consequitur,
1032 3063 1153 3120 tantam

337 3174 411 3220 csse
425 3153 607 3220 habendam
619 3152 835 3240 etymologiae
850 3153 1016 3235 rationem,
1039 3164 1074 3220 ut
1094 3177 1153 3220 ne·

336 3275 430 3321 cesse
463 3255 505 3322 sit
537 3264 656 3320 temere
690 3254 821 3340 quasvis
853 3254 961 3320 literas
992 3256 1033 3320 ad
1065 3255 1153 3320 illam

338 3355 562 3422 declarandam
575 3357 705 3442 requiri,
729 3365 765 3421 ut
779 3356 906 3422 interim
920 3380 986 3422 non
1001 3356 1154 3422 dissimu-

227 3475 229 3480 ·
336 3455 400 3522 lem
426 3458 501 3543 plus
528 3458 581 3524 hic
610 3481 708 3545 saepe
736 3457 877 3524 valuisse
899 3458 1154 3526 infelicissimam
