2650 4270
561 515 592 572 It.
947 516 990 580 67

241 667 303 733 ΙΠ.
337 667 487 751 Quiesoit
517 678 671 755 sequente
693 691 713 732 a
734 669 788 734 vel
815 691 833 732 ο
859 677 934 755 post
951 691 988 756 g,

177 779 213 834 nt
228 791 365 856 mangeo
384 769 627 853 (manducavit),
647 793 758 858 gagen
782 770 912 857 (pignus
934 771 990 837 do·

177 869 310 958 posuit),
332 867 454 958 augeo!
469 872 625 952 (calamus
640 870 801 957 agrestis),
823 873 991 958 inquibus

176 971 311 1037 vocibus
339 970 489 1036 scribitur
515 994 541 1054 e,
568 995 634 1039 non
656 981 691 1037 ut
711 973 903 1059 proferatur,
932 973 988 1040 ssd

176 1081 212 1137 ιιι
239 1071 388 1138 ostendat
409 1073 492 1159 gin
513 1072 579 1138 illis
600 1095 667 1140 non
686 1074 825 1139 retinere
845 1073 990 1139 nativum

11 1249 12 1256 χ
124 1244 126 1250 ,
177 1195 271 1242 snum
299 1194 414 1244 sonum
445 1183 518 1240 ants
535 1197 565 1258 ¹a
588 1182 620 1240 ot
642 1197 672 1256 o,
701 1173 760 1240 ssd
779 1174 989 1260 pronuntian-

176 1275 251 1340 dum
273 1296 346 1341 esse
368 1282 403 1339 ut
415 1274 436 1356 j
457 1284 697 1340 consonantem.

238 1375 296 1442 IV.
330 1373 479 1458 Quissoit
505 1375 717 1462 praecedente
739 1400 756 1440 o
778 1384 811 1444 et
832 1385 989 1463 sequente

175 1501 213 1563 o,
252 1487 289 1543 ut
330 1497 525 1542 conmenceo
562 1476 741 1565 (incepit),
781 1476 836 1543 vel
877 1500 910 1559 o,
952 1486 989 1542 nt

174 1599 408 1644 commeneeons
436 1576 669 1664 (incipiamus),
692 1579 748 1644 ubi
769 1599 879 1644 rursus
908 1576 988 1643 sori·

174 1682 260 1749 hitur
289 1704 316 1763 e,
340 1688 376 1745 ut
398 1678 558 1765 significet
577 1678 703 1746 literam
725 1702 741 1743 c
761 1701 828 1746 non
849 1679 987 1748 rotinere

176 1804 268 1849 snum
293 1781 440 1846 nativum
470 1801 585 1844 sonum
612 1789 687 1846 anto
713 1803 734 1844 a
766 1789 838 1846 eto
865 1780 900 1844 in
920 1779 989 1845 illis

175 1882 388 1964 dictionibus,
411 1881 504 1966 qussi
521 1881 674 1968 seriptum
689 1890 777 1948 osset
798 1881 987 1965 commendo,

176 1982 402 2064 comedoni,
439 1983 497 2047 sed
533 1983 733 2069 pronuntiari
769 2005 829 2070 per
869 1981 989 2069 duplex

176 2105 203 2168 s,
227 2084 321 2151 siouti
343 2083 482 2148 diximus
504 2083 538 2148 in
560 2107 576 2147 o
597 2084 704 2168 litero,
726 2095 762 2150 nt
783 2085 811 2151 si
834 2083 988 2171 seriptum

176 2186 218 2253 sit
239 2205 435 2251 commentos
459 2193 491 2250 et
513 2206 756 2252 commenssom.

237 2286 277 2354 V.
311 2284 462 2368 Quiesoit
484 2307 582 2372 saepe
603 2286 638 2352 in
660 2286 858 2375 diphthongo
881 2309 929 2374 su,
952 2287 988 2352 in

173 2412 238 2478 qna
252 2389 379 2457 auditur
400 2394 524 2452 tontum
544 2409 577 2452 u.
608 2385 716 2454 Huius
737 2388 785 2454 roi
806 2387 987 2474 exemplum

172 2489 328 2557 habemns
363 2487 483 2574 duplex
510 2486 546 2552 in
571 2487 633 2555 hoo
658 2509 740 2556 vooe
766 2487 919 2572 tentent,
951 2486 987 2556 in

174 2590 266 2658 ouius
290 2588 397 2676 priore
421 2587 547 2675 syllaba
561 2587 649 2656 Galli
669 2597 757 2656 roots
778 2589 989 2678 pronuntins-

172 2700 223 2758 tss
257 2690 406 2756 omittunt
431 2689 556 2755 literam
583 2713 610 2774 e,
640 2691 732 2778 qussi
758 2691 912 2778 sofiptum
945 2689 989 2757 sit

154 2791 302 2875 -hweux,
334 2792 370 2857 in
396 2791 573 2880 posteriore
593 2815 671 2860 vero
692 2801 793 2860 totam
815 2791 988 2880 diphthon-

172 2917 249 2981 gum
282 2902 413 2977 sonant,
448 2895 593 2981 quamvis
620 2893 702 2962 hoeo
727 2919 793 2962 vox
820 2894 940 2961 oriatur
966 2915 988 2960 s

170 2995 394 3082 monosyllaba
406 2995 547 3063 dictione
555 2993 986 3084 deur‚inqnndiphthongus

171 3119 211 3162 eu
238 3105 307 3163 toto
334 3097 472 3164 auditus.
514 3097 637 3165 Locum
658 3107 765 3164 autom
785 3095 883 3162 hahet
903 3091 986 3159 huso

169 3199 282 3284 regulo
310 3199 381 3266 sine
410 3201 600 3288 exceptione
623 3200 658 3264 in
678 3194 859 3286 pntioipiis
882 3191 985 3260 omni·

169 3299 232 3366 bns
259 3300 401 3387 passivis
421 3298 484 3367 hoo
505 3300 704 3390 diphthongo
726 3293 936 3376 minatis„
949 3301 988 3358 ut

171 3421 210 3464 eu
225 3399 404 3487 (hobitum),
421 3424 495 3468 sceu
511 3403 664 3488 (scitum),
681 3423 771 3466 recen
784 3395 984 3483 (reooptum),

170 3521 230 3564 ven
247 3501 377 3589 (visum)
402 3511 434 3570 et
453 3504 625 3588 similibus,
649 3503 742 3589 qussi
764 3498 920 3585 scriptum
942 3497 987 3564 sit

796 3601 832 3655 ⁵!
