2650 4270
711 471 747 517 VI

325 636 698 704 cousin...'ccurin
731 639 762 724 (Ρ
796 639 836 706 of.
872 665 904 728 p.
937 643 978 708 89
1010 665 1042 710 v.
1075 643 1132 728 24)

323 778 355 840 p.
389 757 428 821 37
461 779 491 822 0.
531 759 579 838 19,
619 758 661 822 20
698 759 844 826 courin
871 807 877 824 .
905 808 948 824 ..
981 762 1133 842 cousin,

324 897 382 960 pro
412 897 479 940 suo
507 897 603 941 sono
631 875 860 961 proferatur
894 902 926 964 p.
956 879 998 943 46
1034 902 1065 944 0.
1095 881 1133 944 18

325 1016 396 1059 suo
423 993 660 1080 proferatur,
692 1015 752 1080 pro
783 996 1000 1062 audiantur
1027 1019 1059 1082 p.
1092 999 1133 1062 48

323 1135 354 1178 0.
382 1112 402 1175 9
437 1113 634 1195 audiatur,
667 1136 726 1199 pro
753 1113 881 1200 fitque
906 1140 938 1203 p.
968 1115 1009 1180 48
1036 1139 1066 1180 0.
1093 1118 1129 1179 11

323 1229 519 1316 fiuntque,
555 1254 613 1318 pro
645 1223 885 1311 ὃμοιοτέλευτα
908 1233 972 1317 (sic
994 1233 1080 1299 enim
1100 1257 1132 1320 p.

324 1350 366 1415 53
406 1373 437 1416 0.
479 1351 498 1414 2
540 1349 764 1434 scribendum)
810 1343 1036 1434 ὁμοιτελεύτα,
1072 1374 1131 1438 pro

325 1490 566 1554 engreveure
592 1493 623 1556 p.
646 1471 688 1535 53
715 1493 746 1535 0.
769 1471 789 1535 3
818 1493 1051 1556 engreuure,
1073 1463 1132 1556 pro
1197 1467 1204 1478 ⁴

325 1581 585 1664 πλατειάζοντας
615 1611 648 1673 p.
675 1590 716 1653 54
746 1612 776 1654 0.
807 1591 846 1653 14
877 1584 1132 1670 πλαταίζοντας,

322 1714 397 1793 post
419 1706 598 1791 ennuijer
618 1729 650 1792 p.
667 1707 707 1771 55
728 1730 759 1771 0.
784 1707 823 1771 12
844 1707 943 1773 verbe
965 1706 1132 1792 adjecisse,

323 1825 439 1909 quibus
470 1825 516 1890 ibi
547 1824 637 1890 locus
670 1847 736 1890 non
769 1833 833 1905 est,
863 1825 996 1891 haecce:
1032 1834 1133 1906 „tum

323 1949 413 2007 ante
433 1945 446 2004 i
458 1943 642 2028 simplex,
666 1951 707 2008 01
723 1945 811 2006 icux
833 1942 997 2029 (oculi),
1020 1939 1144 2008 vieux'

323 2059 525 2145 (veteres)
541 2061 855 2149 monosyllubc“,
877 2084 935 2146 pro
952 2084 1037 2141 ceu,
1060 2064 1132 2136 oei,

323 2183 386 2243 uei
397 2204 429 2268 p.
445 2181 486 2245 58
501 2205 531 2246 0.
549 2182 569 2245 3
587 2180 757 2266 scripsisse
779 2182 842 2254 ici,
866 2202 953 2255 neu,
978 2183 1055 2259 oui,
1075 2203 1133 2266 pro

323 2299 504 2365 oneravit
528 2323 560 2385 p.
589 2301 629 2363 65
656 2322 687 2364 v.
710 2299 751 2365 28
779 2307 1008 2381 onerarunt,
1037 2321 1095 2384 pro
1124 2302 1136 2361 i

323 2416 1133 2507 6100660.116111,00001116100.67

321 2564 352 2605 v.
370 2541 408 2603 15
432 2560 448 2602 s
469 2538 607 2619 litera,
630 2559 687 2621 pro
710 2534 1023 2622 praepositione
1043 2559 1075 2623 p.
1095 2540 1132 2602 71

322 2687 353 2728 0.
387 2657 439 2739 27,
469 2677 503 2742 p.
533 2657 572 2720 72
606 2678 637 2721 0.
667 2655 709 2720 23
740 2652 1041 2739 propositione,
1075 2679 1134 2742 pro

323 2777 510 2861 horeloge
537 2797 568 2861 p.
598 2775 637 2839 76
665 2796 695 2838 0.
727 2774 765 2838 12
792 2772 998 2859 herologe,
1027 2796 1085 2859 pro
1113 2797 1134 2836 n

323 2917 489 2983 proup.
514 2893 555 2958 78
575 2895 783 2978 v.3upro
806 2914 836 2973 n,
857 2913 960 2976 pron
986 2914 1018 2977 p.
1040 2892 1080 2957 78
1102 2915 1133 2957 0.

325 3016 363 3078 17
380 3035 425 3096 m,
447 3012 546 3077 verba
565 3009 714 3097 Excipe
730 3009 780 3073 ils
803 3019 835 3076 61
856 3032 938 3096 quse
960 3017 1134 3094 sequuncur

324 3155 425 3220 usque
443 3130 484 3196 ad
499 3130 617 3195 etiem
638 3129 651 3192 1
671 3129 922 3215 quiescente,
947 3149 1028 3214 quae
1048 3150 1133 3194 nunc

323 3276 354 3338 p.
383 3253 422 3316 79
448 3273 479 3315 0.
502 3250 541 3312 25
564 3249 728 3334 leguntur,
756 3247 906 3332 posuisse
933 3253 1009 3332 post
1035 3246 1135 3310 verbs

323 3369 485 3455 legiste,
509 3365 694 3452 sophiste
717 3372 755 3431 61
777 3364 930 3430 similia
949 3385 1030 3449 quae
1045 3387 1077 3451 p.
1093 3364 1133 3430 82

325 3509 356 3552 0.
374 3489 390 3555 1
406 3485 621 3575 reperiuntur,
643 3506 701 3570 pro
717 3504 751 3546 so
764 3506 796 3571 p.
812 3483 854 3548 80
875 3505 906 3547 0.
922 3484 941 3545 6
964 3481 1141 3572 scripsisse-
