2650 4270
318 469 360 532 42
641 468 680 522 De
698 469 731 532 Y,
750 485 775 538 y.

318 622 425 687 benda
444 619 601 687 Francica
628 621 739 708 lingua
758 624 920 710 usurpari,
950 625 1008 690 sed
1036 626 1133 692 etiam

317 721 400 789 falso
434 726 446 784 i
471 721 631 790 Graecum
658 725 781 806 vocari,
816 748 912 810 quum
942 748 960 787 v
989 725 1133 794 Graeco·

317 847 390 891 rum
410 847 476 890 non
499 825 540 891 sit
560 827 579 907 i,
605 825 663 891 sed
684 849 705 888 o
725 826 805 892 illud
827 826 909 892 exile
931 849 1060 894 crassae
1083 829 1133 894 di·

316 926 482 1014 phthongo
505 950 546 990 ou
567 926 756 1013 oppositum,
778 927 890 994 videor
910 928 987 994 mihi
1001 930 1133 998 tandem

319 1028 516 1115 comperisse
538 1029 624 1115 qnod
644 1050 696 1093 res
719 1038 781 1111 est,
803 1052 966 1115 nunquam
979 1031 1133 1098 videlicet

319 1130 455 1196 maiores
478 1131 551 1197 illos
574 1138 701 1196 nostros
724 1131 763 1196 de
785 1131 847 1195 isto
870 1133 881 1193 i
901 1131 1027 1198 Graeco
1043 1135 1131 1218 cogi·

318 1229 417 1312 tasse,
435 1233 492 1298 sed
507 1232 626 1318 duplex
640 1233 777 1298 ivocale
792 1233 973 1318 scripsisse,
996 1243 1031 1299 ut
1043 1257 1130 1302 nunc

320 1353 446 1418 quoque
467 1333 619 1400 Germani
641 1335 793 1416 scribunt,
814 1334 875 1400 hac
896 1335 1046 1400 nimirum
1066 1335 1131 1402 for·

318 1455 371 1498 ma
392 1433 423 1516 ej,
463 1457 544 1520 quae
565 1436 660 1502 facile
680 1444 794 1521 postea
820 1435 854 1500 in
877 1460 904 1524 y
931 1436 1132 1522 degenerarit

320 1542 353 1600 et
375 1559 392 1598 v
416 1534 577 1603 Graecum
598 1539 707 1604 vocari
729 1537 845 1623 coepit,
869 1537 955 1622 quod
976 1538 1045 1602 eius
1067 1537 1131 1602 for-

318 1659 413 1718 mam,
436 1637 560 1704 Latinis
578 1639 826 1726 descriptoribus
840 1636 1037 1718 familiarem,
1059 1638 1130 1703 imi·

316 1745 447 1804 taretur.
518 1740 573 1808 Sic
615 1743 710 1806 etiarn
751 1748 898 1825 corrupta
942 1740 1130 1825 iampridem

319 1837 447 1904 Graeca
467 1842 726 1926 pronuntiatione
746 1843 863 1910 factum
884 1853 920 1908 ut
941 1863 960 1902 v
979 1864 1049 1906 cum
1064 1842 1132 1906 iota

320 1940 541 2007 confundatur.
585 1942 673 2008 Usus
700 1956 805 2013 autem
829 1946 923 2012 istius
950 1943 1086 2030 duplicis
1110 1941 1132 2024 ij

317 2041 378 2107 fuit
400 2043 554 2109 duntaxat
574 2055 648 2131 post
670 2048 702 2128 oj
723 2058 755 2114 et
777 2048 810 2131 ej
830 2046 1052 2133 diphthongos,
1076 2065 1130 2108 cc-

319 2144 519 2210 currentibus
549 2146 753 2233 diphthongis
781 2149 852 2214 aliis
881 2148 920 2213 ab
943 2145 1130 2231 iincipien·

317 2243 414 2325 tibus,
445 2255 522 2331 puta
554 2250 584 2310 io
615 2248 726 2333 velie,
755 2258 810 2315 aut
833 2247 1048 2333 triphthongis
1077 2250 1129 2310 iou

318 2345 372 2411 vel
387 2348 446 2427 ieu,
460 2356 496 2411 ut
506 2348 620 2433 plop'c,
644 2351 720 2432 oijc,
735 2350 836 2433 loijol,
860 2350 965 2431 roijol,
987 2349 1127 2432 locante,

319 2447 405 2529 iozje,
429 2448 559 2532 iozjcux,
583 2451 715 2534 loijaux,
741 2452 775 2516 in
790 2450 970 2516 cuiusmodi
985 2450 1130 2516 dictioni-

318 2548 379 2612 bus
412 2549 490 2614 vitio
524 2551 700 2637 scripturae
732 2551 900 2639 tripliciter
932 2551 1044 2616 vitiata
1070 2551 1130 2616 fuit

318 2651 546 2734 pronuntiatio
573 2653 657 2717 Nam
673 2654 728 2719 alii
744 2654 792 2719 sie
803 2653 866 2718 ista
877 2652 1011 2718 efferunt
1021 2661 1130 2737 poste·

318 2749 403 2815 riore
430 2753 442 2813 i
469 2753 562 2834 eliso,
600 2755 666 2819 acsi
695 2755 847 2840 scriptum
881 2762 968 2820 esset
991 2752 1129 2835 joi-eux,

320 2851 424 2932 lei-ol,
447 2857 574 2936 moi-en,
592 2855 703 2940 plui-c.
747 2855 824 2936 Alii,
846 2863 882 2919 ut
903 2854 1037 2934 Aurelii,
1061 2877 1130 2920 ccr-

319 2953 503 3037 ruptissime
528 2956 690 3040 posterius
717 2959 729 3018 i
753 2955 960 3042 pronuntiant
993 2965 1027 3020 ut
1054 2977 1130 3020 con-

320 3064 504 3137 sonantem,
544 3057 648 3142 priore
681 3059 693 3118 i
724 3064 899 3142 expuncto,
935 3056 1007 3138 o-je,
1033 3057 1129 3140 jeje,
1195 3129 1197 3134 .

321 3154 456 3236 io-jeux,
479 3157 578 3240 lo-jol,
601 3181 680 3243 quas
701 3157 896 3245 prolationes
921 3180 1031 3224 omnes
1054 3180 1130 3223 con-

322 3263 386 3320 stat
400 3257 533 3323 vitiosas
549 3281 631 3340 esse,
654 3267 685 3323 et
699 3259 786 3324 illam
800 3281 908 3324 veram
922 3260 1131 3346 prolationem

320 3356 522 3423 retinendam
546 3361 580 3424 in
608 3383 672 3446 qua
693 3359 907 3446 diphthongus
930 3361 1055 3445 gemina
1077 3369 1131 3424 aut

324 3458 540 3546 diphthongus
570 3470 602 3526 et
621 3460 847 3547 triphthongus
870 3461 1017 3527 distincte
1033 3460 1132 3526 'audi-
