2650 4270
310 469 350 535 92
466 468 505 523 De
524 468 687 526 Subunions.
722 471 762 527 Ds
781 471 957 544 Apostrophe.

310 622 446 708 aliquid,
484 625 640 690 sermonis
678 627 775 691 finem
814 637 907 694 acute
947 653 1012 696 non
1050 631 1121 698 sine

308 723 431 789 curium
452 724 629 792 offensione
649 728 866 813 pronuntient.

558 877 617 952 De
643 878 868 956 Subunione.

376 1024 597 1094 Subunionem
612 1041 787 1118 coeperunt
800 1034 1014 1100 accuratiores
1027 1021 1126 1120 ty‘po-

309 1126 428 1212 grsphi
449 1135 560 1196 notare
581 1129 667 1197 linea
689 1133 832 1201 diversos
854 1135 1011 1202 dictiones
1025 1136 1125 1200 inter-

308 1225 476 1312 iungonte,
502 1252 598 1315 quam
612 1231 754 1300 Hebraei
772 1235 871 1323 rophe
894 1236 1065 1323 appellant,
1087 1243 1126 1300 ut

310 1326 397 1410 ‹ti-ie,
422 1327 517 1410 dit-il,
529 1332 621 1414 ficit,
642 1338 763 1419 suis-ie,
781 1335 929 1419 dirus-tu,
945 1337 1061 1423 quibus
1076 1336 1126 1402 sic

310 1437 444 1494 utuntur
464 1429 568 1513 Galli,
592 1443 627 1498 ut
645 1433 754 1501 Latini
780 1437 849 1504 suis
876 1438 942 1504 illis
968 1438 1126 1523 inquom

310 1538 342 1596 et
356 1530 503 1616 inquit,
527 1541 559 1597 et
581 1535 812 1621 aliquantulum
834 1539 874 1604 sb
890 1539 1048 1605 encliticis
1062 1539 1128 1604 ists

311 1630 469 1698 differunt.

482 1827 489 1840 ·
543 1784 600 1860 De
626 1791 876 1891 Apostropho.

378 1935 626 2022 Apostrophon,
654 1939 760 2007 idest
784 1965 916 2008 aversae
938 1943 1006 2009 sive
1026 1941 1129 2007 elisue

313 2036 439 2103 vocalis
460 2045 571 2102 notam
593 2053 768 2126 coeperunt
794 2043 914 2109 utiliter
947 2043 1043 2108 iidem
1075 2050 1127 2128 ty·

309 2137 470 2224 pogrcphi
490 2135 635 2204 Graecos
657 2141 772 2210 imitati
794 2144 986 2227 adscribere,
1010 2153 1130 2209 utnon

311 2240 442 2325 ubique,
467 2241 552 2325 quod
566 2251 674 2310 tumen
693 2245 813 2312 factum
826 2246 933 2328 velim,
957 2245 1130 2312 eorundem

310 2337 510 2406 Graecorum
539 2346 693 2431 exemplo.
738 2347 790 2412 De
817 2347 879 2412 hnc
912 2355 1018 2412 antem
1048 2352 1126 2410 notu

311 2452 418 2507 certae
441 2450 516 2507 sunt
537 2456 709 2530 sequentes
735 2448 881 2534 regulae:

372 2542 507 2608 Prima
535 2543 695 2630 Regula.
743 2548 848 2617 Omne
879 2571 896 2610 e
921 2546 1130 2614 foemininum

313 2653 466 2730 sequente
496 2667 686 2734 quecunque
712 2650 818 2715 vocali
849 2647 977 2714 eliditur
997 2648 1030 2712 in
1052 2670 1127 2732 pro-

309 2744 520 2829 nuntiatione,
543 2757 579 2812 ut
600 2748 814 2832 dovaricieux,
840 2749 966 2835 l'espee,
989 2748 1129 2835 l'ingrut,

308 2848 465 2929 decorior,
493 2856 525 2913 et
546 2850 735 2934 sequented
757 2849 943 2936 quiescente
971 2847 1127 2930 l'dommn

309 2949 418 3032 ddum,
447 2949 477 3011 lo
491 2948 601 3032 femm'
623 2953 834 3031 avaricieuse,
856 2950 886 3014 Ia
898 2948 1004 3032 fouls’
1027 2947 1127 3012 odeis-

309 3075 419 3134 sunce,
446 3050 478 3113 la
511 3052 662 3114 maunais'
684 3053 858 3130 invention,
888 3073 922 3114 ce
951 3051 1046 3137 qu’on
1068 3048 1121 3114 dit.

309 3154 464 3240 Magnum
491 3150 590 3237 igitur
616 3152 731 3217 vitium
758 3161 808 3218 est
832 3152 928 3217 istem
957 3150 1125 3217 elisionem

308 3279 374 3321 non
405 3255 599 3333 observare,
633 3253 719 3339 quod
744 3252 780 3317 in
806 3252 954 3319 versibus
980 3249 1127 3336 inprimis

310 3357 381 3424 sine
403 3351 593 3441 exceptione
608 3355 815 3434 observatur,
841 3353 877 3418 in
891 3351 1007 3440 quibus
1021 3351 1129 3417 nullus

310 3464 363 3522 cst
385 3478 401 3519 e
421 3450 587 3522 foemineo
607 3455 708 3537 locus,
731 3454 784 3521 vel
804 3455 839 3518 in
862 3461 975 3540 quarte
996 3451 1129 3538 syllaba,

310 3555 340 3621 si
366 3578 480 3622 versus
503 3556 613 3623 decem
632 3555 751 3621 fuerint
778 3554 987 3640 syllabarum,
1015 3553 1070 3618 vel
1089 3552 1124 3618 in
