2650 4270
333 481 375 545 20
458 535 461 543 ,
633 481 671 534 De
690 483 834 536 vocalibus.

332 636 492 700 vitandus.
529 635 575 700 At
596 636 697 700 nostri
718 636 855 700 maiores
870 635 988 700 Franci
1002 635 1144 721 peculia-

332 759 398 801 rem
423 735 600 801 habuerunt
625 737 836 801 characterem
858 737 993 802 Aeolico
1021 737 1143 822 digam-

331 837 409 902 mati
426 839 594 903 scribendo
611 848 677 902 tam
693 848 784 903 acute
801 839 1022 924 excogitatum,
1047 861 1143 924 quam

333 947 383 1004 est
408 939 554 1025 imperite
583 963 602 1004 a
629 941 768 1026 posteris
800 940 834 1003 in
859 940 974 1005 mediis
1008 939 1141 1024 syllabis

331 1041 513 1126 neglectuS,
549 1049 581 1106 et
612 1042 704 1106 initio
739 1040 910 1104 dictionum
942 1063 1000 1127 pro
1033 1063 1053 1102 u
1085 1062 1142 1104 vo·

333 1142 395 1207 cali
425 1151 605 1227 usurpatus,
628 1152 664 1207 ut
685 1166 784 1229 quum
806 1144 949 1208 scribunt
971 1165 1010 1204 un
1026 1150 1057 1205 et
1072 1163 1140 1204 voe.

331 1240 438 1321 Quum
459 1243 556 1327 igitur
577 1243 636 1309 hos
657 1267 754 1309 sonos
768 1245 915 1310 viderent
935 1242 1073 1307 maxime
1096 1240 1142 1305 af·

331 1343 413 1406 fines
436 1341 474 1404 du
498 1351 529 1406 et
551 1369 590 1407 ua
612 1346 818 1432 a'plerisque
841 1344 1006 1425 confundi,
1038 1345 1141 1428 figura

331 1445 384 1508 usi
401 1454 477 1508 sunt
491 1468 572 1529 quae
587 1445 670 1511 hanc
685 1447 871 1513 affinitatem
886 1445 980 1512 simul
991 1453 1023 1509 et
1034 1453 1141 1508 osten·

331 1546 420 1611 deret
435 1555 466 1610 et
481 1546 699 1632 distingueret,
716 1549 896 1613 charactere
906 1547 1058 1612 videlicet
1069 1547 1141 1611 lite·

331 1671 385 1712 rae
409 1645 425 1710 b
447 1647 561 1712 leviter
581 1650 616 1712 in
644 1650 807 1714 sinistram
828 1673 943 1735 nempe
964 1673 987 1714 v
1009 1659 1041 1713 et
1060 1672 1077 1712 υ
1100 1649 1141 1713 ad

330 1751 532 1836 digammatis
553 1751 682 1816 Aeolici
705 1751 996 1837 pronuntiationem
1018 1750 1140 1836 signifi·

329 1853 464 1916 caudam
485 1852 613 1933 inflexo,
634 1853 731 1937 idque
750 1875 816 1916 non
828 1861 953 1916 tantum
966 1852 1057 1915 initio
1074 1851 1140 1915 dic·

327 1954 463 2034 tionum,
497 1962 533 2017 ut
564 1976 583 2016 a
609 1952 636 2016 F
637 1954 764 2018 rancioe
794 1954 1006 2019 scribentibus
1036 1952 1140 2017 adhuc

328 2054 424 2120 hodie
440 2056 635 2135 observatur,
652 2063 686 2118 ut
702 2058 757 2133 vie,
774 2064 871 2136 ucria,
897 2064 1056 2136 vertueux,
1083 2055 1141 2120 sod

331 2158 428 2222 etiam
442 2158 526 2221 intra
540 2157 629 2242 ipsas
646 2157 810 2237 dictiones
833 2165 869 2220 ut
883 2159 975 2238 aiore,
993 2160 1138 2238 receuoir,

328 2263 424 2342 orroir,
453 2282 516 2345 qua
543 2260 582 2323 de
609 2281 644 2322 re
673 2281 730 2322 suo
758 2280 885 2322 rursum
909 2259 981 2323 loco
1005 2282 1024 2322 a
1044 2258 1138 2323 nobis

329 2361 460 2426 dicetur.
496 2359 534 2424 P.
554 2358 676 2424 Remus
697 2367 807 2424 nostra
827 2361 980 2425 memoria
1002 2360 1138 2444 diligens

327 2463 497 2526 multarum
518 2483 623 2525 rerum
643 2459 827 2544 inquisitor,
854 2470 891 2524 ut
911 2461 994 2526 hano
1014 2462 1139 2526 literam

327 2564 473 2629 vocalem
489 2586 508 2626 a
523 2570 719 2626 consonante
734 2561 952 2646 distingueret,
969 2563 1053 2626 huno
1069 2563 1139 2648 qui-

328 2665 401 2729 dem
427 2665 641 2729 characterem
667 2685 685 2724 o
713 2663 914 2746 consonanti,
940 2666 1038 2730 istum
1060 2688 1137 2731 vero

326 2788 348 2826 u
366 2765 471 2829 vocali
494 2765 643 2829 attribuit.
681 2764 793 2830 Laudo
809 2765 996 2849 institutum,
1018 2767 1138 2832 factum

325 2865 462 2950 probare
484 2889 550 2930 non
570 2889 713 2952 possum.
749 2867 831 2930 Nam
847 2866 904 2930 illa
918 2868 1047 2953 quidem
1061 2877 1138 2932 nota

327 2974 377 3032 est
390 2990 502 3032 verum
517 2967 713 3035 Graecorum
735 2989 754 3028 v
776 2961 889 3050 ψιλόν,
912 2968 947 3032 id
969 2978 1029 3052 est,
1057 2970 1137 3034 haec

324 3067 398 3154 ipsa
418 3070 550 3135 vocalis.
588 3071 635 3134 At
657 3093 677 3132 u
700 3070 864 3134 character
886 3077 943 3152 est,
966 3079 1002 3134 ut
1024 3094 1064 3136 ex
1080 3094 1136 3136 ve·

324 3171 445 3237 teribus
473 3172 567 3236 etiam
594 3171 820 3256 manuscriptis
848 3172 1011 3238 codicibus
1038 3194 1137 3257 appa·

309 3259 311 3264 ¹
324 3281 383 3353 ret,
400 3273 549 3359 antiquus
561 3272 705 3340 Graecus
715 3273 826 3338 literae
837 3273 942 3355 betha,
955 3296 1020 3338 non
1032 3281 1135 3337 autem

326 3372 527 3456 digammatis
548 3374 626 3439 solis
641 3374 798 3440 Aeolibus
813 3375 895 3455 noti;
919 3397 1013 3460 quam
1027 3384 1136 3440 notam

324 3482 438 3557 postea
468 3474 623 3540 librorum
656 3475 867 3561 descriptores
900 3499 1067 3562 perperam
1094 3476 1136 3541 ad
