2650 4270
310 404 352 468 24
608 405 647 458 Do
665 408 880 463 consonantibus.

310 556 404 622 cendi
433 557 521 622 modi
553 560 722 623 verborum
754 559 930 624 activorum
959 569 972 623 t
998 560 1123 626 literam

307 657 495 744 regulariter
526 658 690 744 requirent
724 659 759 723 in
791 661 932 726 secunda
964 669 996 728 et
1027 663 1123 728 tertie

309 759 600 844 coniugationibus,
625 759 793 826 scribimus
807 769 916 826 tumen
931 760 1046 826 entend
1060 761 1122 843 (irr-

308 859 447 946 telligit),
461 859 557 944 fend,
581 859 707 943 defend,
715 861 811 945 fond,
824 861 972 947 respond,
988 869 1122 948 propter

307 961 442 1044 infinite,
473 961 628 1039 entendre,
650 961 776 1046 fendre,
807 962 966 1043 defendre,
988 961 1119 1047 fondre,

309 1061 492 1148 respondre,
530 1063 646 1148 quibus
683 1064 780 1130 etium
816 1064 963 1130 nonnulli
1000 1065 1122 1134 addunt

300 1163 432 1250 plnind,
454 1163 567 1250 peiuri,
591 1163 709 1240 croind,
722 1165 829 1246 seirent,
853 1165 1002 1241 estroinol
1025 1164 1120 1241 ioind,

303 1264 415 1351 poind,
444 1265 501 1330 sed
528 1264 698 1330 immerito.
742 1266 811 1331 Nee
839 1267 923 1331 enim
947 1267 982 1331 in
1009 1289 1119 1331 eorum

306 1367 440 1432 infinitis
461 1366 581 1448 modis,
608 1365 768 1452 plaindre,
790 1367 933 1454 peindre‚
966 1367 1120 1450 croinclre,

297 1467 439 1552 famine,
458 1467 641 1534 cstroindre.
665 1467 795 1546 ioinrlre,
813 1469 959 1554 poindre,
983 1471 1074 1534 litera
1097 1468 1121 1532 el

304 1569 466 1636 invenitur
489 1570 578 1634 utin
600 1569 664 1634 illis
687 1592 727 1635 ex
747 1571 902 1656 analogia,
927 1571 983 1636 sed
999 1568 1119 1655 eupho-

305 1672 379 1736 niae
402 1693 500 1736 ceusa
526 1670 691 1751 inseritur,
719 1673 810 1736 utin
832 1671 958 1739 Graeca
980 1669 1119 1734 dictione

305 1763 428 1854 ἀνδρός
465 1794 524 1857 pro
559 1765 668 1851 ἇνρός,
703 1781 735 1838 et
761 1772 795 1836 in
823 1772 981 1837 Francice
1012 1768 1120 1833 {endec

304 1895 362 1959 pro
383 1881 477 1948 lente,
494 1896 514 1938 a
532 1872 649 1936 Latina
663 1895 743 1936 voce
763 1881 882 1937 tener.
920 1873 985 1940 Sed
998 1872 1120 1936 nullum

271 1991 273 1996 '
305 1974 544 2038 excusationem
569 1973 705 2037 admittit
726 1996 835 2038 eorum
859 1996 945 2038 error
966 1973 1021 2058 qui
1034 1973 1119 2037 inter

304 2073 414 2159 qnonrl
427 2098 485 2161 pro
501 2076 657 2161 quando
680 2084 712 2141 et
732 2083 830 2160 quant
850 2097 909 2160 pro
932 2081 1117 2158 quantum

302 2176 424 2242 nullum
447 2176 617 2241 discrimen
643 2177 678 2240 in
700 2175 858 2261 scriptura
880 2182 1030 2240 statuunt.
1073 2173 1118 2238 Et

302 2277 356 2344 hic
390 2278 581 2342 admonendi
615 2287 689 2343 sunt
722 2275 875 2343 Germani
907 2299 948 2340 ne
976 2285 988 2338 l
1012 2296 1071 2360 pro
1096 2273 1119 2336 d

302 2379 520 2466 pronuntient,
545 2388 579 2441 ut
601 2401 693 2442 suum
714 2377 773 2440 doe
795 2387 827 2442 et
842 2375 909 2464 dog
931 2377 1042 2442 efferre
1064 2398 1117 2441 so-

302 2481 373 2546 lent
389 2489 437 2542 loo
454 2489 486 2544 et
502 2489 568 2566 tog,
592 2489 624 2543 et
637 2479 751 2544 Latine
772 2502 830 2566 pro
852 2479 1016 2544 doctore
1030 2487 1116 2542 toc-

301 2589 425 2646 torem
447 2589 502 2645 aut
524 2580 618 2644 etiem
640 2580 863 2646 tocthorem
883 2581 1034 2666 proferre.

666 2733 745 2833 rs.

363 2884 460 2950 Hanc
480 2885 605 2951 literam
625 2884 717 2948 initio
733 2884 834 2950 fuisse
850 2884 978 2950 Aeolici
994 2883 1116 2968 digam-

299 2986 395 3052 matis
424 2986 493 3052 sive
519 3010 535 3049 v
554 2986 760 3051 consonantis
782 2995 902 3066 notem,
924 2985 997 3072 ipsa
1012 2986 1115 3070 figure

301 3087 462 3154 eLatinie
477 3096 632 3173 usurpata
652 3088 848 3152 demonstrat
865 3109 905 3151 ex
926 3109 988 3150 uno
1010 3107 1116 3171 gram·

297 3199 386 3254 mate
411 3189 502 3254 elteri
523 3188 671 3274 impositu
695 3195 886 3268 constructa,
912 3196 948 3251 ut
968 3184 1114 3252 eince-

296 3291 385 3354 ronis
422 3290 522 3356 etium
560 3290 697 3374 quodam
724 3289 795 3352 loco
824 3289 858 3352 in
886 3289 1027 3353 cretione
1054 3307 1113 3371 pro

298 3387 418 3454 Flacco
442 3389 612 3456 manifeste
640 3391 749 3474 liquet.
803 3389 922 3456 Postea
949 3412 1025 3456 vero
1052 3409 1114 3474 pro.
