<?xml version="1.0" encoding="UTF-8"?>
<!DOCTYPE html PUBLIC "-//W3C//DTD XHTML 1.0 Transitional//EN"
    "http://www.w3.org/TR/xhtml1/DTD/xhtml1-transitional.dtd">
<html xmlns="http://www.w3.org/1999/xhtml" xml:lang="en" lang="en">
 <head>
  <title>
</title>
<meta http-equiv="Content-Type" content="text/html;charset=utf-8" />
  <meta name='ocr-system' content='tesseract 3.04.00' />
  <meta name='ocr-capabilities' content='ocr_page ocr_carea ocr_par ocr_line ocrx_word'/>
</head>
<body>
  <div class='ocr_page' id='page_1' title='image "./defrancicaeling00toblgoog_0097.png"; bbox 0 0 2650 4270; ppageno 0'>
   <div class='ocr_carea' id='block_1_1' title="bbox 332 469 851 540">
    <p class='ocr_par' dir='ltr' id='par_1_1' title="bbox 332 469 851 540">
     <span class='ocr_line' id='line_1_1' title="bbox 332 469 851 540; baseline -0.004 -15"><span class='ocrx_word' id='word_1_1' title='bbox 332 474 373 540; x_wconf 80' lang='grc'><strong>84</strong></span> <span class='ocrx_word' id='word_1_2' title='bbox 632 469 671 524; x_wconf 85' lang='lat' dir='ltr'><strong>De</strong></span> <span class='ocrx_word' id='word_1_3' title='bbox 691 471 851 524; x_wconf 79' lang='lat' dir='ltr'><strong>accentibus.</strong></span> 
     </span>
    </p>
   </div>
   <div class='ocr_carea' id='block_1_2' title="bbox 290 623 1153 3137">
    <p class='ocr_par' dir='ltr' id='par_1_2' title="bbox 290 623 1153 3137">
     <span class='ocr_line' id='line_1_2' title="bbox 335 623 1147 708; baseline -0.004 -18"><span class='ocrx_word' id='word_1_4' title='bbox 335 625 495 690; x_wconf 75' lang='lat' dir='ltr'><strong>attollatur</strong></span> <span class='ocrx_word' id='word_1_5' title='bbox 522 623 589 688; x_wconf 90' lang='lat' dir='ltr'><strong>ulla</strong></span> <span class='ocrx_word' id='word_1_6' title='bbox 610 645 692 708; x_wconf 87' lang='lat' dir='ltr'><strong>quae</strong></span> <span class='ocrx_word' id='word_1_7' title='bbox 713 647 779 689; x_wconf 90' lang='lat' dir='ltr'><strong>non</strong></span> <span class='ocrx_word' id='word_1_8' title='bbox 801 623 912 688; x_wconf 85' lang='lat' dir='ltr'><strong>itidem</strong></span> <span class='ocrx_word' id='word_1_9' title='bbox 933 631 1079 704; x_wconf 76' lang='lat' dir='ltr'><strong>acuatur,</strong></span> <span class='ocrx_word' id='word_1_10' title='bbox 1108 644 1147 688; x_wconf 90' lang='lat' dir='ltr'><strong>ao</strong></span> 
     </span>
     <span class='ocr_line' id='line_1_3' title="bbox 331 724 1146 814; baseline -0.009 -21"><span class='ocrx_word' id='word_1_11' title='bbox 331 727 467 814; x_wconf 81' lang='lat' dir='ltr'><strong>proinde</strong></span> <span class='ocrx_word' id='word_1_12' title='bbox 496 726 538 792; x_wconf 88' lang='lat' dir='ltr'><strong>sit</strong></span> <span class='ocrx_word' id='word_1_13' title='bbox 564 724 675 791; x_wconf 89' lang='lat' dir='ltr'><strong>eadem</strong></span> <span class='ocrx_word' id='word_1_14' title='bbox 704 725 828 810; x_wconf 87' lang='lat' dir='ltr'><strong>syllaba</strong></span> <span class='ocrx_word' id='word_1_15' title='bbox 853 732 947 789; x_wconf 84' lang='lat' dir='ltr'><strong>acuta</strong></span> <span class='ocrx_word' id='word_1_16' title='bbox 969 745 1050 808; x_wconf 89' lang='lat' dir='ltr'><strong>quae</strong></span> <span class='ocrx_word' id='word_1_17' title='bbox 1072 745 1146 810; x_wconf 93' lang='lat' dir='ltr'><strong>pro·</strong></span> 
     </span>
     <span class='ocr_line' id='line_1_4' title="bbox 333 822 1149 912; baseline -0.009 -17"><span class='ocrx_word' id='word_1_18' title='bbox 333 829 442 902; x_wconf 86' lang='lat' dir='ltr'><strong>dueta,</strong></span> <span class='ocrx_word' id='word_1_19' title='bbox 466 835 498 892; x_wconf 85' lang='lat' dir='ltr'><strong>et</strong></span> <span class='ocrx_word' id='word_1_20' title='bbox 520 826 637 892; x_wconf 84' lang='lat' dir='ltr'><strong>eadem</strong></span> <span class='ocrx_word' id='word_1_21' title='bbox 658 827 765 912; x_wconf 84' lang='lat' dir='ltr'><strong>gravis</strong></span> <span class='ocrx_word' id='word_1_22' title='bbox 787 848 870 912; x_wconf 87' lang='lat' dir='ltr'><strong>quae</strong></span> <span class='ocrx_word' id='word_1_23' title='bbox 893 831 1048 910; x_wconf 87' lang='lat' dir='ltr'><strong>correpta.</strong></span> <span class='ocrx_word' id='word_1_24' title='bbox 1082 822 1149 891; x_wconf 85' lang='lat' dir='ltr'><strong>Sed</strong></span> 
     </span>
     <span class='ocr_line' id='line_1_5' title="bbox 331 925 1149 1012; baseline -0.007 -18"><span class='ocrx_word' id='word_1_25' title='bbox 331 936 427 994; x_wconf 86' lang='lat' dir='ltr'><strong>tonus</strong></span> <span class='ocrx_word' id='word_1_26' title='bbox 449 927 539 994; x_wconf 79' lang='lat' dir='ltr'><strong>vocis</strong></span> <span class='ocrx_word' id='word_1_27' title='bbox 561 928 789 1006; x_wconf 85' lang='lat' dir='ltr'><strong>intentionem,</strong></span> <span class='ocrx_word' id='word_1_28' title='bbox 818 934 943 1011; x_wconf 85' lang='lat' dir='ltr'><strong>tempus</strong></span> <span class='ocrx_word' id='word_1_29' title='bbox 965 925 1149 1012; x_wconf 84' lang='lat' dir='ltr'><strong>productio·</strong></span> 
     </span>
     <span class='ocr_line' id='line_1_6' title="bbox 332 1025 1148 1096; baseline 0 -3"><span class='ocrx_word' id='word_1_30' title='bbox 332 1051 406 1093; x_wconf 87' lang='lat' dir='ltr'><strong>nem</strong></span> <span class='ocrx_word' id='word_1_31' title='bbox 432 1028 553 1096; x_wconf 85' lang='lat' dir='ltr'><strong>vocalis</strong></span> <span class='ocrx_word' id='word_1_32' title='bbox 582 1029 712 1094; x_wconf 85' lang='lat' dir='ltr'><strong>indicat.</strong></span> <span class='ocrx_word' id='word_1_33' title='bbox 755 1025 847 1094; x_wconf 91' lang='lat' dir='ltr'><strong>Nihil</strong></span> <span class='ocrx_word' id='word_1_34' title='bbox 875 1034 982 1092; x_wconf 89' lang='lat' dir='ltr'><strong>autem</strong></span> <span class='ocrx_word' id='word_1_35' title='bbox 1002 1028 1148 1093; x_wconf 87' lang='lat' dir='ltr'><strong>accidere</strong></span> 
     </span>
     <span class='ocr_line' id='line_1_7' title="bbox 332 1129 1148 1216; baseline -0.001 -21"><span class='ocrx_word' id='word_1_36' title='bbox 332 1138 443 1216; x_wconf 86' lang='lat' dir='ltr'><strong>potest</strong></span> <span class='ocrx_word' id='word_1_37' title='bbox 457 1129 587 1195; x_wconf 89' lang='lat' dir='ltr'><strong>auribus</strong></span> <span class='ocrx_word' id='word_1_38' title='bbox 602 1129 706 1214; x_wconf 84' lang='lat' dir='ltr'><strong>magis</strong></span> <span class='ocrx_word' id='word_1_39' title='bbox 728 1129 889 1214; x_wconf 86' lang='lat' dir='ltr'><strong>ingratum</strong></span> <span class='ocrx_word' id='word_1_40' title='bbox 911 1151 1005 1214; x_wconf 91' lang='lat' dir='ltr'><strong>quam</strong></span> <span class='ocrx_word' id='word_1_41' title='bbox 1027 1130 1055 1194; x_wconf 91' lang='lat' dir='ltr'><strong>si</strong></span> <span class='ocrx_word' id='word_1_42' title='bbox 1076 1130 1148 1195; x_wconf 91' lang='lat' dir='ltr'><strong>bre·</strong></span> 
     </span>
     <span class='ocr_line' id='line_1_8' title="bbox 331 1228 1149 1316; baseline -0.004 -21"><span class='ocrx_word' id='word_1_43' title='bbox 331 1252 406 1295; x_wconf 84' lang='lat' dir='ltr'><strong>vem</strong></span> <span class='ocrx_word' id='word_1_44' title='bbox 435 1232 611 1316; x_wconf 80' lang='lat' dir='ltr'><strong>producas,</strong></span> <span class='ocrx_word' id='word_1_45' title='bbox 644 1229 773 1314; x_wconf 87' lang='lat' dir='ltr'><strong>longam</strong></span> <span class='ocrx_word' id='word_1_46' title='bbox 805 1229 976 1316; x_wconf 78' lang='lat' dir='ltr'><strong>corripias,</strong></span> <span class='ocrx_word' id='word_1_47' title='bbox 1012 1228 1149 1315; x_wconf 90' lang='lat' dir='ltr'><strong>quodii</strong></span> 
     </span>
     <span class='ocr_line' id='line_1_9' title="bbox 335 1329 1149 1418; baseline -0.002 -22"><span class='ocrx_word' id='word_1_48' title='bbox 335 1331 541 1416; x_wconf 85' lang='lat' dir='ltr'><strong>experiuntur</strong></span> <span class='ocrx_word' id='word_1_49' title='bbox 563 1332 618 1418; x_wconf 89' lang='lat' dir='ltr'><strong>qui</strong></span> <span class='ocrx_word' id='word_1_50' title='bbox 632 1331 819 1417; x_wconf 84' lang='lat' dir='ltr'><strong>peregrinos</strong></span> <span class='ocrx_word' id='word_1_51' title='bbox 835 1339 890 1394; x_wconf 89' lang='lat' dir='ltr'><strong>aut</strong></span> <span class='ocrx_word' id='word_1_52' title='bbox 904 1329 1032 1396; x_wconf 81' lang='lat' dir='ltr'><strong>Galliae</strong></span> <span class='ocrx_word' id='word_1_53' title='bbox 1046 1352 1149 1417; x_wconf 91' lang='lat' dir='ltr'><strong>popu·</strong></span> 
     </span>
     <span class='ocr_line' id='line_1_10' title="bbox 333 1431 1146 1519; baseline -0.002 -22"><span class='ocrx_word' id='word_1_54' title='bbox 333 1433 383 1498; x_wconf 92' lang='lat' dir='ltr'><strong>los</strong></span> <span class='ocrx_word' id='word_1_55' title='bbox 404 1433 561 1500; x_wconf 83' lang='lat' dir='ltr'><strong>Francius</strong></span> <span class='ocrx_word' id='word_1_56' title='bbox 583 1433 687 1498; x_wconf 89' lang='lat' dir='ltr'><strong>minus</strong></span> <span class='ocrx_word' id='word_1_57' title='bbox 709 1455 787 1518; x_wconf 87' lang='lat' dir='ltr'><strong>pure</strong></span> <span class='ocrx_word' id='word_1_58' title='bbox 809 1432 978 1519; x_wconf 88' lang='lat' dir='ltr'><strong>loquentes</strong></span> <span class='ocrx_word' id='word_1_59' title='bbox 1005 1431 1146 1512; x_wconf 88' lang='lat' dir='ltr'><strong>audiunt,</strong></span> 
     </span>
     <span class='ocr_line' id='line_1_11' title="bbox 332 1531 1150 1620; baseline -0.004 -21"><span class='ocrx_word' id='word_1_60' title='bbox 332 1534 435 1599; x_wconf 85' lang='lat' dir='ltr'><strong>veluti</strong></span> <span class='ocrx_word' id='word_1_61' title='bbox 463 1557 561 1620; x_wconf 91' lang='lat' dir='ltr'><strong>quum</strong></span> <span class='ocrx_word' id='word_1_62' title='bbox 583 1533 787 1599; x_wconf 88' lang='lat' dir='ltr'><strong>Turonenses</strong></span> <span class='ocrx_word' id='word_1_63' title='bbox 810 1542 864 1597; x_wconf 83' lang='lat' dir='ltr'><strong>aut</strong></span> <span class='ocrx_word' id='word_1_64' title='bbox 885 1531 1036 1598; x_wconf 87' lang='lat' dir='ltr'><strong>Pictones</strong></span> <span class='ocrx_word' id='word_1_65' title='bbox 1059 1532 1150 1597; x_wconf 84' lang='lat' dir='ltr'><strong>audi-</strong></span> 
     </span>
     <span class='ocr_line' id='line_1_12' title="bbox 336 1635 1150 1722; baseline -0.005 -21"><span class='ocrx_word' id='word_1_66' title='bbox 336 1659 408 1702; x_wconf 86' lang='lat' dir='ltr'><strong>mus</strong></span> <span class='ocrx_word' id='word_1_67' title='bbox 424 1635 668 1722; x_wconf 84' lang='lat' dir='ltr'><strong>pronuntiantes</strong></span> <span class='ocrx_word' id='word_1_68' title='bbox 691 1643 857 1698; x_wconf 79' lang='lat' dir='ltr'><strong>meolrerse</strong></span> <span class='ocrx_word' id='word_1_69' title='bbox 879 1661 951 1683; x_wconf 60' lang='lat' dir='ltr'><strong>ww</strong></span> <span class='ocrx_word' id='word_1_70' title='bbox 973 1656 1032 1720; x_wconf 92' lang='lat' dir='ltr'><strong>pro</strong></span> <span class='ocrx_word' id='word_1_71' title='bbox 1054 1635 1150 1698; x_wconf 79' lang='lat' dir='ltr'><strong>muis-</strong></span> 
     </span>
     <span class='ocr_line' id='line_1_13' title="bbox 339 1733 1153 1820; baseline -0.002 -20"><span class='ocrx_word' id='word_1_72' title='bbox 339 1745 440 1800; x_wconf 78' lang='lat' dir='ltr'><strong>tresoe</strong></span> <span class='ocrx_word' id='word_1_73' title='bbox 470 1761 552 1817; x_wconf 73' lang='grc' dir='ltr'>-νν,</span> <span class='ocrx_word' id='word_1_74' title='bbox 570 1744 624 1800; x_wconf 84' lang='lat' dir='ltr'><strong>aut</strong></span> <span class='ocrx_word' id='word_1_75' title='bbox 638 1757 740 1799; x_wconf 83' lang='lat' dir='ltr'><strong>meroe</strong></span> <span class='ocrx_word' id='word_1_76' title='bbox 753 1762 802 1786; x_wconf 74' lang='grc' dir='ltr'><strong>-υ</strong></span> <span class='ocrx_word' id='word_1_77' title='bbox 825 1757 883 1820; x_wconf 88' lang='lat' dir='ltr'><strong>pro</strong></span> <span class='ocrx_word' id='word_1_78' title='bbox 899 1756 1001 1798; x_wconf 80' lang='lat' dir='ltr'><strong>mesre</strong></span> <span class='ocrx_word' id='word_1_79' title='bbox 1017 1758 1074 1815; x_wconf 64' lang='lat' dir='ltr'><strong>vv,</strong></span> <span class='ocrx_word' id='word_1_80' title='bbox 1097 1733 1153 1800; x_wconf 84' lang='lat' dir='ltr'><strong>vel</strong></span> 
     </span>
     <span class='ocr_line' id='line_1_14' title="bbox 337 1835 1149 1922; baseline -0.009 -18"><span class='ocrx_word' id='word_1_81' title='bbox 337 1837 506 1905; x_wconf 80' lang='lat' dir='ltr'><strong>Sabandos</strong></span> <span class='ocrx_word' id='word_1_82' title='bbox 526 1859 584 1922; x_wconf 92' lang='lat' dir='ltr'><strong>pro</strong></span> <span class='ocrx_word' id='word_1_83' title='bbox 591 1837 693 1921; x_wconf 80' lang='lat' dir='ltr'><strong>suiele</strong></span> <span class='ocrx_word' id='word_1_84' title='bbox 711 1865 756 1886; x_wconf 72' lang='grc' dir='ltr'><strong>νυ</strong></span> <span class='ocrx_word' id='word_1_85' title='bbox 779 1835 976 1921; x_wconf 83' lang='lat' dir='ltr'><strong>proferentes</strong></span> <span class='ocrx_word' id='word_1_86' title='bbox 983 1835 1073 1918; x_wconf 80' lang='lat' dir='ltr'><strong>feste</strong></span> <span class='ocrx_word' id='word_1_87' title='bbox 1086 1862 1149 1916; x_wconf 77' lang='grc' dir='ltr'><strong>-υ,</strong></span> 
     </span>
     <span class='ocr_line' id='line_1_15' title="bbox 334 1937 1149 2025; baseline -0.007 -23"><span class='ocrx_word' id='word_1_88' title='bbox 334 1961 393 2023; x_wconf 89' lang='lat' dir='ltr'><strong>pro</strong></span> <span class='ocrx_word' id='word_1_89' title='bbox 406 1937 561 2025; x_wconf 79' lang='lat' dir='ltr'><strong>prophete</strong></span> <span class='ocrx_word' id='word_1_90' title='bbox 665 1937 838 2024; x_wconf 76' lang='lat' dir='ltr'><strong>propdesle</strong></span> <span class='ocrx_word' id='word_1_91' title='bbox 864 1967 946 2020; x_wconf 65' lang='lat' dir='ltr'><strong>v-v,</strong></span> <span class='ocrx_word' id='word_1_92' title='bbox 959 1959 1018 2022; x_wconf 90' lang='lat' dir='ltr'><strong>pro</strong></span> <span class='ocrx_word' id='word_1_93' title='bbox 1030 1937 1149 1998; x_wconf 81' lang='lat' dir='ltr'><strong>miseri-</strong></span> 
     </span>
     <span class='ocr_line' id='line_1_16' title="bbox 334 2037 1150 2125; baseline -0.001 -22"><span class='ocrx_word' id='word_1_94' title='bbox 334 2037 428 2103; x_wconf 85' lang='lat' dir='ltr'><strong>corde</strong></span> <span class='ocrx_word' id='word_1_95' title='bbox 460 2039 600 2125; x_wconf 85' lang='lat' dir='ltr'><strong>quinque</strong></span> <span class='ocrx_word' id='word_1_96' title='bbox 633 2039 827 2123; x_wconf 87' lang='lat' dir='ltr'><strong>syllabarum</strong></span> <span class='ocrx_word' id='word_1_97' title='bbox 858 2047 972 2108; x_wconf 88' lang='lat' dir='ltr'><strong>natura</strong></span> <span class='ocrx_word' id='word_1_98' title='bbox 1002 2037 1150 2104; x_wconf 82' lang='lat' dir='ltr'><strong>brevium</strong></span> 
     </span>
     <span class='ocr_line' id='line_1_17' title="bbox 335 2139 1150 2226; baseline 0.005 -26"><span class='ocrx_word' id='word_1_99' title='bbox 335 2139 535 2204; x_wconf 80' lang='lat' dir='ltr'><strong>misericorde</strong></span> <span class='ocrx_word' id='word_1_100' title='bbox 549 2139 723 2226; x_wconf 87' lang='lat' dir='ltr'><strong>penultima</strong></span> <span class='ocrx_word' id='word_1_101' title='bbox 744 2141 855 2226; x_wconf 86' lang='lat' dir='ltr'><strong>longa,</strong></span> <span class='ocrx_word' id='word_1_102' title='bbox 877 2141 932 2206; x_wconf 87' lang='lat' dir='ltr'><strong>vel</strong></span> <span class='ocrx_word' id='word_1_103' title='bbox 953 2139 1052 2204; x_wconf 89' lang='lat' dir='ltr'><strong>Italos</strong></span> <span class='ocrx_word' id='word_1_104' title='bbox 1074 2160 1150 2224; x_wconf 87' lang='lat' dir='ltr'><strong>pro·</strong></span> 
     </span>
     <span class='ocr_line' id='line_1_18' title="bbox 333 2239 1150 2327; baseline 0.002 -23"><span class='ocrx_word' id='word_1_105' title='bbox 333 2239 473 2308; x_wconf 85' lang='lat' dir='ltr'><strong>ferentes</strong></span> <span class='ocrx_word' id='word_1_106' title='bbox 480 2240 598 2327; x_wconf 82' lang='lat' dir='ltr'><strong>parole</strong></span> <span class='ocrx_word' id='word_1_107' title='bbox 612 2266 683 2289; x_wconf 72' lang='grc' dir='ltr'><strong>ν-ν</strong></span> <span class='ocrx_word' id='word_1_108' title='bbox 695 2263 754 2326; x_wconf 90' lang='lat' dir='ltr'><strong>pro</strong></span> <span class='ocrx_word' id='word_1_109' title='bbox 769 2241 887 2325; x_wconf 83' lang='lat' dir='ltr'><strong>parole</strong></span> <span class='ocrx_word' id='word_1_110' title='bbox 904 2266 983 2323; x_wconf 72' lang='grc' dir='ltr'><strong>νυν,</strong></span> <span class='ocrx_word' id='word_1_111' title='bbox 997 2239 1150 2326; x_wconf 86' lang='lat' dir='ltr'><strong>quoniam</strong></span> 
     </span>
     <span class='ocr_line' id='line_1_19' title="bbox 334 2341 1149 2428; baseline 0 -24"><span class='ocrx_word' id='word_1_112' title='bbox 334 2362 427 2405; x_wconf 89' lang='lat' dir='ltr'><strong>suum</strong></span> <span class='ocrx_word' id='word_1_113' title='bbox 439 2341 556 2427; x_wconf 82' lang='lat' dir='ltr'><strong>parole</strong></span> <span class='ocrx_word' id='word_1_114' title='bbox 573 2341 620 2406; x_wconf 88' lang='lat' dir='ltr'><strong>sic</strong></span> <span class='ocrx_word' id='word_1_115' title='bbox 641 2342 858 2428; x_wconf 86' lang='lat' dir='ltr'><strong>pronuntiant.</strong></span> <span class='ocrx_word' id='word_1_116' title='bbox 892 2343 954 2408; x_wconf 88' lang='lat' dir='ltr'><strong>Illa</strong></span> <span class='ocrx_word' id='word_1_117' title='bbox 975 2364 1050 2408; x_wconf 87' lang='lat' dir='ltr'><strong>vero</strong></span> <span class='ocrx_word' id='word_1_118' title='bbox 1073 2362 1149 2425; x_wconf 94' lang='lat' dir='ltr'><strong>pro-</strong></span> 
     </span>
     <span class='ocr_line' id='line_1_20' title="bbox 336 2439 1149 2527; baseline 0.004 -24"><span class='ocrx_word' id='word_1_119' title='bbox 336 2439 441 2505; x_wconf 88' lang='lat' dir='ltr'><strong>ductio</strong></span> <span class='ocrx_word' id='word_1_120' title='bbox 469 2441 504 2506; x_wconf 91' lang='lat' dir='ltr'><strong>in</strong></span> <span class='ocrx_word' id='word_1_121' title='bbox 529 2441 686 2508; x_wconf 87' lang='lat' dir='ltr'><strong>Franoioa</strong></span> <span class='ocrx_word' id='word_1_122' title='bbox 712 2442 822 2527; x_wconf 85' lang='lat' dir='ltr'><strong>lingua</strong></span> <span class='ocrx_word' id='word_1_123' title='bbox 853 2444 951 2509; x_wconf 87' lang='lat' dir='ltr'><strong>etiam</strong></span> <span class='ocrx_word' id='word_1_124' title='bbox 977 2444 1011 2508; x_wconf 90' lang='lat' dir='ltr'><strong>in</strong></span> <span class='ocrx_word' id='word_1_125' title='bbox 1039 2465 1149 2507; x_wconf 90' lang='lat' dir='ltr'><strong>mono-</strong></span> 
     </span>
     <span class='ocr_line' id='line_1_21' title="bbox 335 2540 1148 2630; baseline 0.004 -26"><span class='ocrx_word' id='word_1_126' title='bbox 335 2540 468 2625; x_wconf 87' lang='lat' dir='ltr'><strong>syllabis</strong></span> <span class='ocrx_word' id='word_1_127' title='bbox 505 2543 780 2625; x_wconf 82' lang='lat' dir='ltr'><strong>animadvertitur,</strong></span> <span class='ocrx_word' id='word_1_128' title='bbox 818 2567 899 2630; x_wconf 87' lang='lat' dir='ltr'><strong>quae</strong></span> <span class='ocrx_word' id='word_1_129' title='bbox 936 2553 986 2610; x_wconf 84' lang='lat' dir='ltr'><strong>est</strong></span> <span class='ocrx_word' id='word_1_130' title='bbox 1016 2543 1148 2630; x_wconf 88' lang='lat' dir='ltr'><strong>propria</strong></span> 
     </span>
     <span class='ocr_line' id='line_1_22' title="bbox 333 2641 1150 2731; baseline 0.005 -25"><span class='ocrx_word' id='word_1_131' title='bbox 333 2641 384 2706; x_wconf 80' lang='lat' dir='ltr'><strong>uis</strong></span> <span class='ocrx_word' id='word_1_132' title='bbox 412 2651 564 2710; x_wconf 83' lang='lat' dir='ltr'><strong>accentus</strong></span> <span class='ocrx_word' id='word_1_133' title='bbox 591 2644 787 2714; x_wconf 73' lang='lat' dir='ltr'><strong>circundari,</strong></span> <span class='ocrx_word' id='word_1_134' title='bbox 833 2645 889 2714; x_wconf 88' lang='lat' dir='ltr'><strong>Sic</strong></span> <span class='ocrx_word' id='word_1_135' title='bbox 910 2646 1065 2731; x_wconf 85' lang='lat' dir='ltr'><strong>producte</strong></span> <span class='ocrx_word' id='word_1_136' title='bbox 1088 2645 1150 2710; x_wconf 87' lang='lat' dir='ltr'><strong>cir-</strong></span> 
     </span>
     <span class='ocr_line' id='line_1_23' title="bbox 290 2743 1149 2830; baseline -0.001 -20"><span class='ocrx_word' id='word_1_137' title='bbox 290 2803 294 2810; x_wconf 90' lang='lat'>.</span> <span class='ocrx_word' id='word_1_138' title='bbox 334 2743 580 2814; x_wconf 83' lang='lat' dir='ltr'><strong>cunfleotuntur:</strong></span> <span class='ocrx_word' id='word_1_139' title='bbox 604 2751 632 2814; x_wconf 85' lang='lat' dir='ltr'><strong>ie</strong></span> <span class='ocrx_word' id='word_1_140' title='bbox 659 2769 726 2828; x_wconf 89' lang='lat' dir='ltr'><strong>veu,</strong></span> <span class='ocrx_word' id='word_1_141' title='bbox 750 2757 783 2811; x_wconf 81' lang='lat' dir='ltr'><strong>lu</strong></span> <span class='ocrx_word' id='word_1_142' title='bbox 805 2769 893 2828; x_wconf 79' lang='lat' dir='ltr'><strong>ceux,</strong></span> <span class='ocrx_word' id='word_1_143' title='bbox 918 2746 943 2808; x_wconf 88' lang='lat' dir='ltr'><strong>il</strong></span> <span class='ocrx_word' id='word_1_144' title='bbox 960 2755 1035 2810; x_wconf 80' lang='lat' dir='ltr'><strong>aeut</strong></span> <span class='ocrx_word' id='word_1_145' title='bbox 1049 2744 1149 2830; x_wconf 87' lang='lat' dir='ltr'><strong>(volo,</strong></span> 
     </span>
     <span class='ocr_line' id='line_1_24' title="bbox 333 2842 1151 2935; baseline 0.006 -28"><span class='ocrx_word' id='word_1_146' title='bbox 333 2842 399 2921; x_wconf 59' lang='lat' dir='ltr'><strong>vis</strong></span> <span class='ocrx_word' id='word_1_147' title='bbox 423 2847 516 2934; x_wconf 86' lang='lat' dir='ltr'><strong>vult),</strong></span> <span class='ocrx_word' id='word_1_148' title='bbox 540 2849 625 2935; x_wconf 92' lang='lat' dir='ltr'><strong>quod</strong></span> <span class='ocrx_word' id='word_1_149' title='bbox 648 2848 903 2935; x_wconf 87' lang='lat' dir='ltr'><strong>deprehenditur,</strong></span> <span class='ocrx_word' id='word_1_150' title='bbox 935 2847 964 2912; x_wconf 91' lang='lat' dir='ltr'><strong>si</strong></span> <span class='ocrx_word' id='word_1_151' title='bbox 991 2847 1151 2934; x_wconf 85' lang='lat' dir='ltr'><strong>prioribus</strong></span> 
     </span>
     <span class='ocr_line' id='line_1_25' title="bbox 332 2943 1151 3035; baseline 0.005 -27"><span class='ocrx_word' id='word_1_152' title='bbox 332 2943 399 3010; x_wconf 85' lang='lat' dir='ltr'><strong>illis</strong></span> <span class='ocrx_word' id='word_1_153' title='bbox 434 2969 577 3035; x_wconf 87' lang='lat' dir='ltr'><strong>opponas</strong></span> <span class='ocrx_word' id='word_1_154' title='bbox 607 2955 664 3014; x_wconf 72' lang='lat' dir='ltr'><strong>cert</strong></span> <span class='ocrx_word' id='word_1_155' title='bbox 697 2948 837 3034; x_wconf 85' lang='lat' dir='ltr'><strong>(votum)</strong></span> <span class='ocrx_word' id='word_1_156' title='bbox 864 2957 896 3014; x_wconf 86' lang='lat' dir='ltr'><strong>et</strong></span> <span class='ocrx_word' id='word_1_157' title='bbox 924 2971 1005 3012; x_wconf 83' lang='lat' dir='ltr'><strong>ceux</strong></span> <span class='ocrx_word' id='word_1_158' title='bbox 1034 2946 1151 3033; x_wconf 81' lang='lat' dir='ltr'><strong>(vota),</strong></span> 
     </span>
     <span class='ocr_line' id='line_1_26' title="bbox 335 3047 1153 3137; baseline 0 -25"><span class='ocrx_word' id='word_1_159' title='bbox 335 3069 430 3132; x_wconf 89' lang='lat' dir='ltr'><strong>quae·</strong></span> <span class='ocrx_word' id='word_1_160' title='bbox 450 3050 671 3137; x_wconf 87' lang='lat' dir='ltr'><strong>corripiuntur.</strong></span> <span class='ocrx_word' id='word_1_161' title='bbox 724 3050 779 3116; x_wconf 87' lang='lat' dir='ltr'><strong>Sic</strong></span> <span class='ocrx_word' id='word_1_162' title='bbox 813 3049 981 3134; x_wconf 86' lang='lat' dir='ltr'><strong>corripitur</strong></span> <span class='ocrx_word' id='word_1_163' title='bbox 1015 3047 1091 3130; x_wconf 80' lang='lat' dir='ltr'><strong>heaf</strong></span> <span class='ocrx_word' id='word_1_164' title='bbox 1119 3058 1153 3112; x_wconf 82' lang='lat' dir='ltr'><strong>et</strong></span> 
     </span>
    </p>
   </div>
   <div class='ocr_carea' id='block_1_3' title="bbox 281 3149 1154 3544">
    <p class='ocr_par' dir='ltr' id='par_1_3' title="bbox 281 3149 1154 3544">
     <span class='ocr_line' id='line_1_27' title="bbox 334 3149 1153 3237; baseline 0.006 -27"><span class='ocrx_word' id='word_1_165' title='bbox 334 3149 415 3232; x_wconf 84' lang='lat' dir='ltr'><strong>neus</strong></span> <span class='ocrx_word' id='word_1_166' title='bbox 427 3150 582 3237; x_wconf 84' lang='lat' dir='ltr'><strong>singulari</strong></span> <span class='ocrx_word' id='word_1_167' title='bbox 595 3174 744 3232; x_wconf 88' lang='lat' dir='ltr'><strong>numero,</strong></span> <span class='ocrx_word' id='word_1_168' title='bbox 768 3173 901 3236; x_wconf 85' lang='lat' dir='ltr'><strong>quorum</strong></span> <span class='ocrx_word' id='word_1_169' title='bbox 915 3151 995 3216; x_wconf 83' lang='lat' dir='ltr'><strong>recti</strong></span> <span class='ocrx_word' id='word_1_170' title='bbox 1010 3149 1153 3236; x_wconf 80' lang='lat' dir='ltr'><strong>plmales</strong></span> 
     </span>
     <span class='ocr_line' id='line_1_28' title="bbox 334 3247 1154 3339; baseline 0.004 -27"><span class='ocrx_word' id='word_1_171' title='bbox 334 3247 424 3334; x_wconf 68' lang='lat' dir='ltr'><strong>deriso</strong></span> <span class='ocrx_word' id='word_1_172' title='bbox 453 3259 486 3318; x_wconf 85' lang='lat' dir='ltr'><strong>et</strong></span> <span class='ocrx_word' id='word_1_173' title='bbox 510 3253 612 3336; x_wconf 77' lang='lat' dir='ltr'><strong>nedfo,</strong></span> <span class='ocrx_word' id='word_1_174' title='bbox 642 3253 869 3339; x_wconf 82' lang='lat' dir='ltr'><strong>quiescentes</strong></span> <span class='ocrx_word' id='word_1_175' title='bbox 886 3253 995 3335; x_wconf 86' lang='lat' dir='ltr'><strong>litera,</strong></span> <span class='ocrx_word' id='word_1_176' title='bbox 1026 3251 1154 3316; x_wconf 86' lang='lat' dir='ltr'><strong>circun-</strong></span> 
     </span>
     <span class='ocr_line' id='line_1_29' title="bbox 281 3351 1152 3440; baseline 0 -24"><span class='ocrx_word' id='word_1_177' title='bbox 281 3351 282 3358; x_wconf 67' lang='lat'><em>&#39;</em></span> <span class='ocrx_word' id='word_1_178' title='bbox 334 3351 521 3436; x_wconf 88' lang='lat' dir='ltr'><strong>flectuntur,</strong></span> <span class='ocrx_word' id='word_1_179' title='bbox 543 3363 579 3418; x_wconf 89' lang='lat' dir='ltr'><strong>ut</strong></span> <span class='ocrx_word' id='word_1_180' title='bbox 594 3355 666 3418; x_wconf 76' lang='lat' dir='ltr'><strong>edlu</strong></span> <span class='ocrx_word' id='word_1_181' title='bbox 689 3362 720 3418; x_wconf 89' lang='lat' dir='ltr'><strong>et</strong></span> <span class='ocrx_word' id='word_1_182' title='bbox 741 3353 838 3418; x_wconf 75' lang='lat' dir='ltr'><strong>cedlr.</strong></span> <span class='ocrx_word' id='word_1_183' title='bbox 880 3355 964 3420; x_wconf 89' lang='lat' dir='ltr'><strong>Item</strong></span> <span class='ocrx_word' id='word_1_184' title='bbox 977 3354 1022 3440; x_wconf 85' lang='lat' dir='ltr'><strong>fit</strong></span> <span class='ocrx_word' id='word_1_185' title='bbox 1043 3351 1152 3437; x_wconf 82' lang='lat' dir='ltr'><strong>(fecit)</strong></span> 
     </span>
     <span class='ocr_line' id='line_1_30' title="bbox 335 3453 1152 3544; baseline 0.001 -27"><span class='ocrx_word' id='word_1_186' title='bbox 335 3459 368 3517; x_wconf 83' lang='lat' dir='ltr'><strong>et</strong></span> <span class='ocrx_word' id='word_1_187' title='bbox 391 3453 452 3536; x_wconf 83' lang='lat' dir='ltr'><strong>ful</strong></span> <span class='ocrx_word' id='word_1_188' title='bbox 478 3454 565 3538; x_wconf 84' lang='lat' dir='ltr'><strong>(fuit)</strong></span> <span class='ocrx_word' id='word_1_189' title='bbox 595 3463 626 3520; x_wconf 91' lang='lat' dir='ltr'><strong>et</strong></span> <span class='ocrx_word' id='word_1_190' title='bbox 660 3462 713 3518; x_wconf 87' lang='lat' dir='ltr'><strong>eut</strong></span> <span class='ocrx_word' id='word_1_191' title='bbox 751 3453 890 3540; x_wconf 88' lang='lat' dir='ltr'><strong>(babuit)</strong></span> <span class='ocrx_word' id='word_1_192' title='bbox 923 3454 1152 3544; x_wconf 82' lang='lat' dir='ltr'><strong>corripiuntur,</strong></span> 
     </span>
    </p>
   </div>
   <div class='ocr_carea' id='block_1_4' title="bbox 0 0 1330 4270">
    <p class='ocr_par' dir='ltr' id='par_1_4' title="bbox 0 0 1330 4270">
     <span class='ocr_line' id='line_1_31' title="bbox 0 0 1330 4270; baseline 0 0"><span class='ocrx_word' id='word_1_193' title='bbox 0 0 1330 4270; x_wconf 95' lang='lat' dir='ltr'><strong> </strong></span> 
     </span>
    </p>
   </div>
  </div>
 </body>
</html>
