2650 4270
484 475 523 530 Da
541 475 717 547 Apostropho.
968 481 1009 546 93

199 638 299 712 sexta,
319 629 349 696 si
361 629 479 695 fuerint
492 628 677 712 hexametri,
700 652 781 715 quos
800 630 894 717 vulgo
909 632 1010 699 Alex-

199 731 350 797 andrinos
372 730 544 818 appellant.
587 730 632 796 Et
657 731 847 818 generaliter
866 730 902 796 in
924 733 1010 798 omni

197 832 426 900 Francicorum
447 832 624 898 carminum
645 855 795 918 genereo
816 832 1011 900 foemineum

197 933 234 1002 in
255 935 367 1000 ultima
386 955 501 1000 versus
525 933 649 1020 syllaba
669 956 728 1020 pro
743 933 843 998 nihilo
864 933 1009 1002 habetur.

264 1035 444 1127 Secunda
458 1036 619 1122 Regula.
644 1035 719 1099 Ain
734 1035 867 1101 articulo
884 1036 916 1100 la
935 1045 1010 1104 ante

199 1137 335 1203 eandem
355 1138 409 1204 vel
429 1138 525 1204 aliam
551 1137 697 1203 vocalem
723 1136 867 1221 eliditur,
895 1147 930 1204 ut
951 1137 1010 1201 l’a-

199 1241 311 1320 varice,
325 1237 450 1325 lespee,
467 1237 486 1300 l
489 1242 669 1327 ignorante,
685 1237 862 1319 l'aoenlure,
873 1237 1009 1321 lambre,

200 1338 372 1406 Phasiacae.
408 1340 502 1406 Idem
522 1339 659 1405 maiores
681 1339 783 1405 nostri
801 1339 962 1406 faciebant
975 1341 1012 1408 in

200 1441 397 1526 possessivis
431 1440 673 1527 pronominibus
706 1463 773 1522 ma,
806 1450 854 1522 ta,
887 1463 944 1523 aa,
976 1451 1012 1507 ut

201 1541 346 1628 m'capce,
360 1541 491 1628 a'espcc,
507 1551 544 1607 ut
558 1541 662 1606 adhue
676 1540 848 1626 loquuntur
859 1541 1011 1610 Sabaudi.

201 1641 258 1712 Sic
278 1644 313 1708 in
333 1644 496 1709 veteribus
519 1641 697 1728 sepulchris
720 1642 910 1728 saepissime
931 1645 1012 1730 legi-

202 1751 254 1808 tur
268 1746 372 1810 s'amc.
399 1745 502 1810 Immo
525 1743 629 1809 adhue
641 1742 737 1807 hodie
753 1743 867 1808 dicitur
882 1744 1013 1825 rn’amia

202 1845 328 1928 a’amr'e,
355 1827 516 1913 rrz’anionr.
561 1843 627 1913 Sed
647 1865 725 1909 usus
748 1844 895 1926 obtinuit,
922 1853 958 1909 ut
978 1845 1015 1912 in

197 1947 338 2014 -oaeteris
361 1947 555 2013 dictionibus
582 1945 689 2032 potius
717 1954 887 2030 usurpetur
909 1946 1014 2013 soloe·

203 2050 332 2132 ciamus,
357 2050 538 2117 substitutis
565 2045 807 2136 pronominibus
827 2047 1014 2114 masculinis

202 2173 286 2233 mon,
309 2160 373 2233 lon,
397 2173 467 2234 oon,
489 2160 524 2216 ut
544 2173 616 2213 mon
639 2169 748 2234 espec,
774 2171 842 2212 mon
862 2148 1016 2229 hostesne,

204 2273 264 2316 aon
286 2256 419 2332 avarica,
440 2274 496 2316 aon
518 2254 699 2339 ignorancc.

268 2353 403 2420 Tertia
433 2353 595 2437 Regula.
643 2353 661 2416 Ι
690 2375 855 2438 nunquam
888 2350 1016 2417 eliditur

204 2453 271 2520 nisi
293 2464 365 2520 ante
386 2476 563 2542 pronomen
586 2454 619 2535 il,
641 2461 677 2518 ut
698 2453 748 2516 c'il
767 2456 849 2516 aient
862 2475 921 2539 pro
943 2456 973 2516 si
985 2451 1016 2519 il.

204 2541 294 2622 Male
319 2555 418 2640 igitur
439 2554 672 2640 Lugdunenses
702 2576 737 2617 ce
764 2553 866 2641 qn'eal
894 2577 953 2641 pro
984 2577 1019 2619 ce

205 2657 344 2741 quirat,
370 2659 439 2718 a'on
460 2678 517 2741 pro
541 2657 571 2718 si
591 2677 646 2736 on,
672 2677 735 2740 quo
762 2664 871 2720 tamen
898 2657 1018 2724 abusus

205 2778 281 2823 sum
302 2780 362 2844 ego
383 2756 515 2821 licentia
535 2755 663 2842 poetica
688 2756 725 2821 in
745 2755 949 2822 Psalmorum
969 2757 1019 2822 in-

207 2859 443 2944 terpretatione.
488 2855 542 2925 Sic
563 2855 724 2922 Marotus:
758 2857 871 2922 s’ainsi
900 2881 958 2944 pro
993 2861 1024 2922 si

206 2961 300 3025 ainai.
345 2958 469 3026 Overo
492 2970 524 3026 et
545 2983 566 3022 u
579 2981 743 3045 nunquam
758 2959 928 3025 eliduntur.

272 3059 517 3129 Observandum
539 3071 588 3130 est
609 3071 716 3128 autem
732 3060 937 3148 peculiariter
950 3058 1019 3124 foe-

207 3162 365 3230 mininum
386 3165 580 3232 adiectiuum
598 3162 734 3251 grande,
761 3163 797 3228 in
818 3184 881 3248 quo
904 3183 921 3226 c
943 3182 1021 3226 con-

210 3264 316 3329 suevit
337 3267 432 3331 etiam
453 3274 527 3332 ante
548 3273 764 3332 consonantes
787 3263 877 3345 elidi,
904 3271 940 3327 ut
961 3283 1023 3324 unc

205 3365 321 3450 grand
333 3367 503 3455 desongne,
521 3391 582 3434 arae
590 3363 706 3455 grand
718 3363 822 3454 chose,
835 3387 894 3428 unc
901 3361 1019 3453 grand'

201 3458 328 3551 femme,
351 3491 411 3534 ane
427 3471 542 3558 grand
565 3465 788 3535 marchuarde.
