2650 4270
324 469 345 534 8
404 468 443 524 De
461 469 600 523 Francicae
618 468 727 536 linguae
744 469 816 520 recta
834 464 1059 535 pronuntiatione.

327 647 413 706 rum,
445 622 530 711 quod
555 622 601 686 ita
627 619 784 684 Franoioa
808 618 918 704 lingua
943 615 1041 683 scribi
1064 637 1142 682 con-

328 726 449 808 suerit,
484 731 520 788 ut
542 721 689 809 quamvis
717 717 932 804 exprimendis
959 717 1026 783 suis
1053 716 1141 783 sonis

330 827 476 913 singulae
499 825 563 890 sint
584 821 713 910 proprie
734 820 768 884 in
784 819 932 887 omnibns
953 818 1072 906 linguis
1087 841 1142 884 ex-

327 928 485 1014 cogitatae
496 925 617 1006 literae,
629 933 737 988 tamen
748 920 966 1007 pronuntiatio
977 919 1143 1006 scriptioni

325 1031 360 1097 in
374 1028 536 1116 plerisque
549 1025 683 1091 vocibus
696 1021 826 1088 minime
835 1022 1037 1108 respondeat
1058 1021 1142 1086 Nam

328 1139 361 1198 et
375 1130 532 1219 plurimae
547 1135 623 1192 sunt
635 1143 768 1212 prorsus
781 1123 984 1206 omittendae,
1001 1121 1141 1189 etunius

327 1231 534 1317 eiusdemque
563 1227 674 1293 literae
703 1243 768 1292 non
795 1225 881 1292 idom
903 1224 1021 1311 ubique
1042 1244 1141 1289 sonus

326 1331 461 1414 auditur,
484 1330 575 1396 euius
597 1329 645 1394 rei
668 1326 853 1394 conabimur
875 1347 933 1391 suo
954 1326 1025 1391 loco
1045 1324 1142 1390 ratio·

329 1453 405 1500 nem
427 1441 460 1498 et
479 1453 573 1498 usum
595 1429 772 1496 ostendere.
815 1425 890 1494 Hae
909 1445 986 1492 vero
1009 1424 1143 1492 mffioul-

329 1543 414 1601 tates
435 1534 635 1620 aliquatenus
662 1530 791 1616 quidem
811 1527 932 1614 regulis
954 1526 1143 1616 quibusdam

328 1634 517 1716 observatis,
536 1653 616 1720 quas
631 1653 706 1697 mox
726 1629 899 1711 trademus,
924 1629 982 1696 sed
1004 1649 1064 1694 usu
1084 1644 1143 1714 po-

325 1737 488 1822 tissimum
507 1735 581 1820 ipso
603 1740 806 1820 superantur,
835 1751 898 1818 qua
924 1731 958 1796 in
978 1752 1018 1796 re·
1034 1738 1142 1794 tamen

325 1839 466 1903 maximo
494 1835 614 1900 iudicio
643 1843 675 1900 et
702 1834 827 1900 delectu
854 1853 935 1920 opus
964 1840 1022 1898 est.
1068 1829 1143 1896 Etsi

326 1940 412 2004 enim
428 1961 468 2004 ex
486 1935 635 2002 Franoioi
655 1935 746 2020 regni
767 1935 944 2021 provinciis
966 1933 1048 1999 aliae
1069 1931 1147 1997 aliis·

325 2039 432 2105 minus
460 2039 586 2123 impure
612 2037 800 2122 loquuntur,
827 2037 948 2102 nullam
974 2043 1082 2100 tamen
1108 2032 1142 2096 in

324 2139 438 2205 iisne
472 2138 585 2204 urbem
616 2136 745 2222 quidem
776 2137 938 2204 inveneris
965 2157 1048 2222 quae
1074 2133 1143 2200 suis
1192 2181 1195 2188 .
1312 2139 1313 2150 ¹

328 2238 521 2327 quibusdam
544 2238 813 2324 pronuntiationis
833 2237 946 2304 naevis
966 2255 1033 2302 non
1053 2235 1143 2301 labo·

229 2427 232 2434 ¹
327 2349 385 2423 ret,
403 2361 483 2426 quos
499 2339 622 2426 passim
638 2339 734 2404 etiam
745 2339 896 2426 deinceps
908 2337 1143 2404 annotabimus.

325 2443 378 2508 Ac
398 2442 459 2506 fuit
481 2440 610 2526 quidem
628 2448 764 2526 tempuS,
787 2442 846 2507 sub
863 2439 1037 2506 Francisco
1052 2436 1142 2502 ride-

325 2542 403 2608 lieet
424 2541 480 2606 isso
500 2541 599 2626 Rege,
622 2562 718 2626 quem
738 2542 850 2606 merito
872 2539 968 2606 liceat
986 2541 1142 2606 bonarum

327 2641 491 2707 literarum
499 2650 664 2726 parentem
674 2664 799 2724 vocare,
812 2665 909 2728 quum
921 2659 1034 2728 puram
1041 2638 1144 2704 Fran·

327 2741 416 2807 cicae
430 2741 560 2827 linguae
576 2743 866 2828 pronuntiationem
884 2766 924 2808 ex
943 2742 1047 2829 ipsius
1069 2738 1145 2804 aula

325 2851 435 2929 petere
457 2843 557 2908 licuit.
593 2843 646 2909 Ab
667 2844 735 2910 eius
757 2854 863 2910 autem
884 2843 972 2910 obitu
994 2843 1042 2908 sic
1062 2861 1142 2927 pau-

326 2944 416 3010 latim
449 2967 514 3010 una
540 2965 613 3009 cum
642 2947 784 3014 moribus
811 2946 1010 3010 immutatam
1040 2943 1141 3008 fuisse

327 3044 518 3112 Francicam
539 3053 639 3110 totam
660 3047 802 3132 linguam
821 3054 954 3128 constat,
977 3044 1084 3110 utrix
1103 3065 1144 3110 ac

325 3167 368 3213 ne
390 3147 446 3212 vix
470 3147 599 3233 quidem
621 3156 781 3232 appareat,
810 3147 866 3213 ubi
886 3147 1016 3213 tandem
1035 3146 1142 3232 ipsius

326 3252 450 3336 puritas
474 3250 649 3314 delitescat.
687 3248 779 3314 Illius
801 3259 886 3315 certe
909 3247 1063 3335 quidquid
1084 3246 1141 3312 ho-

326 3350 378 3418 die
406 3360 566 3438 superest,
595 3349 712 3435 partim
732 3352 887 3435 pauculae
910 3357 1039 3416 servant
1060 3346 1143 3413 anti-

326 3471 421 3537 quum
451 3453 630 3519 obtinentes
657 3451 797 3518 familiae
828 3463 860 3518 et
880 3451 1026 3517 homines
1047 3449 1143 3516 bonis
