2650 4270
320 477 362 540 44
591 474 630 527 De
649 473 863 526 consonantibus.

321 649 338 692 e
369 629 576 716 pronuntiant
608 629 751 689 cri-moini
778 634 809 691 et
843 627 1049 702 cri-mereim,
1083 625 1134 688 di·

318 729 482 816 phthongo
506 732 538 791 oi
558 751 615 794 suo
640 729 749 792 nativo
778 748 857 791 sono
884 725 1008 810 prolata
1034 733 1070 790 ut
1095 726 1133 790 iu

317 828 369 896 his
392 830 525 896 vocibus
552 834 633 912 coin,
662 827 780 906 beroia,
802 828 941 890 terracin.
973 827 1020 891 At
1043 849 1133 892 nunc

317 930 435 996 Franci
450 940 541 995 recte
563 929 819 1017 pronuntiantes,
854 928 999 1014 quamvis
1020 937 1132 992 vetere

317 1042 465 1097 manente
479 1033 645 1118 scriptura,
659 1033 707 1097 sic
717 1032 781 1096 ista
792 1030 934 1111 efferunt,
946 1036 982 1094 ut
988 1028 1130 1115 plurales

317 1156 474 1219 personae
497 1137 651 1215 simulent,
677 1135 859 1196 aimeroicnt
875 1155 940 1197 non
956 1152 1047 1211 sono,
1071 1129 1132 1195 sed

317 1234 385 1299 solo
415 1245 548 1300 accentu
577 1235 777 1302 circumflexo
807 1234 953 1299 differant
979 1231 1130 1316 asinge-

315 1335 435 1400 laribus
462 1339 577 1416 oimoil,
606 1338 755 1415 cimeroil,
778 1345 813 1399 ut
843 1335 871 1400 si
900 1333 1056 1399 scribatur
1083 1333 1131 1394 ui-

315 1439 395 1516 moia,
417 1439 567 1501 oimcrdit.
854 1425 857 1438 ¹

376 1538 475 1605 Levis
498 1550 603 1606 autem
626 1540 686 1605 erit
701 1539 796 1604 huius
811 1538 921 1602 literae
938 1533 1128 1625 emendatio,

315 1638 496 1706 charactere
527 1643 656 1706 minime
687 1641 866 1720 immutato,
908 1638 965 1704 sed
1004 1634 1127 1723 duplici

313 1747 435 1805 tantum
462 1743 553 1828 apice
578 1742 654 1806 huic
686 1741 804 1807 formae
838 1740 862 1823 ij
891 1740 1057 1825 imposito,
1090 1745 1129 1802 ut

312 1839 378 1905 iam
399 1865 510 1908 omnes
533 1844 653 1908 nullam
674 1844 727 1909 hic
750 1865 822 1908 esse
845 1842 1005 1908 Graecum
1027 1861 1047 1901 υ
1067 1861 1127 1905 no·

311 1941 385 2024 rint,
416 1944 473 2009 sed
495 1944 614 2031 duplex
636 1946 666 2028 ij,
693 1965 853 2028 nusquam
878 1941 954 2007 alibi
983 1940 1126 2006 scriben-

314 2043 388 2108 dum
417 2067 510 2130 quam
536 2056 611 2133 post
638 2044 853 2133 diphthongos
882 2044 986 2107 nivel
1007 2044 1046 2122 oi,
1075 2064 1128 2107 se-

313 2145 482 2229 quentibus
521 2169 600 2232 quas
639 2147 705 2210 dixi
748 2145 820 2210 vel·
834 2143 1040 2229 diphthongis
1073 2143 1127 2208 vel

311 2245 536 2332 biphthongis.

675 2398 765 2472 Zz.

375 2548 467 2615 Haec
482 2551 575 2615 litera
588 2551 788 2636 respondeus
801 2548 1024 2616 Hebraeorum
1038 2547 1121 2626 zain,

310 2672 376 2714 non
405 2660 510 2715 autem
532 2652 703 2717 eorundem
724 2651 824 2732 tsade,
853 2674 915 2716 nec
934 2649 1123 2714 Latinorum

310 2758 415 2832 zetas,
447 2752 604 2818 dictiones
628 2752 751 2838 aliquas
778 2753 963 2838 peregrinas
994 2750 1125 2815 inchoat

309 2860 345 2914 ut
373 2852 516 2938 Zephire,
545 2854 703 2918 Zocintde.
747 2853 836 2919 Usus
864 2853 960 2919 etiam
987 2852 1124 2919 obtinuit

308 2954 502 3020 necessitate
524 2956 669 3040 quadam,
692 2958 782 3021 utin
811 2956 939 3020 nomine
965 2954 1122 3019 numerali

310 3077 389 3117 unce
421 3056 592 3136 scribatur,
622 3058 747 3142 quiesi
775 3081 790 3120 s
821 3058 1024 3138 scriberetur,
1053 3065 1121 3121 tum

308 3155 433 3243 integro
457 3157 551 3223 sibilo
579 3161 837 3243 pronuntiaretur
865 3181 971 3240 unsre,
1003 3181 1118 3244 nempe

309 3257 430 3322 cinter
452 3269 679 3325 consonantem
707 3261 949 3346 praecedentem
971 3270 1004 3325 et
1024 3283 1121 3325 voca-

308 3357 370 3422 lem
387 3371 572 3445 sequentem
588 3362 795 3448 deprehensa,
819 3362 913 3429 sicuti
932 3361 966 3424 in
986 3361 1119 3446 sigmate

309 3458 456 3525 diximus
499 3463 546 3526 At
567 3485 644 3527 usus
666 3474 789 3549 postca,
812 3485 876 3528 non
899 3462 1009 3528 eadem
1027 3461 1119 3542 ratio,
