2650 4270
617 507 656 562 De
675 509 891 564 consonantibus.

710 711 797 788 δε.

410 861 504 928 Haec
519 885 700 928 consonans
723 886 781 930 suo
796 864 905 928 nativo
921 861 1015 929 sibilo
1032 885 1161 948 semper

346 963 504 1050 profertur
533 963 706 1029 dictionem
732 964 909 1052 incipiens,
936 973 972 1029 nt
998 986 1088 1052 suge,
1109 987 1159 1028 ce-

347 1085 421 1145 mer,
452 1067 554 1153 signe,
580 1087 691 1152 conge,
717 1075 901 1144 surmonter.
944 1065 1033 1130 Intra
1053 1065 1160 1152 ipsam

349 1175 455 1231 autern
477 1166 665 1248 dictionem,
694 1167 723 1231 si
744 1167 827 1233 inter
848 1167 928 1233 duas
949 1166 1080 1232 vocales
1103 1166 1159 1232 de-

347 1267 576 1352 prehendatur,
606 1291 703 1333 unam
724 1268 875 1334 uidelicet
896 1290 978 1353 quae
1000 1267 1160 1352 syllabam

347 1368 593 1455 praecedentem
619 1368 725 1449 finiat,
760 1378 792 1434 et
818 1369 951 1434 alteram
983 1390 1063 1454 quae
1095 1368 1160 1454 ipsi

349 1469 476 1556 sigmati
499 1470 682 1552 adhaereat,
709 1479 786 1535 tunc
811 1468 977 1536 lenissimo
1005 1469 1099 1534 sibilo
1124 1478 1160 1534 nt

347 1571 422 1636 zain
451 1570 673 1638 Hebraeorum
705 1583 738 1638 et
770 1571 969 1637 Francorum
998 1578 1084 1651 zeta,
1119 1570 1159 1636 de

348 1695 410 1759 quo
433 1696 509 1738 mox
524 1673 676 1754 dicemus,
698 1696 763 1739 non
785 1683 891 1738 autern
912 1682 948 1737 ut
962 1669 1159 1737 Graecorum

349 1770 376 1855 ζ,
403 1775 489 1860 quod
514 1774 688 1859 respondet
714 1773 936 1839 Hebraeorum
957 1772 1064 1854 tsadc,
1084 1795 1159 1858 pro-

346 1875 526 1956 nuntiatur,
561 1883 596 1939 ut
623 1897 729 1956 cause,
760 1874 854 1957 denir,
884 1876 1011 1960 plaisir,
1041 1876 1159 1955 raison,

348 1973 461 2058 dciscr,
484 1997 618 2058 crearer,
636 1979 754 2061 prirer,
775 1975 878 2059 chose,
902 1997 982 2055 oser,
1003 1997 1084 2055 noer,
1106 1997 1159 2038 ex·

347 2097 451 2160 curer,
476 2097 558 2161 quae
581 2075 629 2140 sic
656 2075 827 2141 efferuntur
847 2099 886 2142 ac
913 2076 941 2142 si
968 2077 1159 2143 scriberetur

348 2200 455 2260 cause,
481 2175 576 2255 denir,
593 2176 717 2260 plaisir,
744 2181 863 2259 raison,
885 2175 996 2258 doizer,
1024 2199 1159 2260 crearer,

340 2281 460 2364 prizer,
482 2279 587 2358 chose,
613 2299 696 2362 azer,
722 2301 806 2361 uzcr,
827 2301 973 2352 excusem
993 2277 1089 2363 idque
1103 2299 1158 2343 us·

346 2402 408 2464 que
437 2379 516 2444 adeo
537 2390 727 2466 perpetuum
749 2390 812 2463 est,
841 2390 877 2444 ut
898 2381 993 2445 etiam
1017 2378 1098 2444 haec
1118 2379 1158 2443 li·

344 2489 414 2546 tera
435 2480 609 2546 dictionem
626 2483 742 2548 finiens
769 2491 802 2548 et
820 2482 904 2546 inter
926 2480 1006 2546 duas
1026 2481 1156 2546 vocales

344 2581 548 2668 deprehensa
563 2583 709 2670 similiter
717 2585 938 2671 pronuntietur
952 2593 989 2648 ut
1003 2583 1048 2646 les
1060 2603 1158 2664 ames,

343 2679 391 2744 lec
428 2703 537 2763 serres,
572 2685 617 2748 les
645 2689 771 2774 eagina,
805 2686 850 2749 les
878 2687 1074 2765 instructanr,
1112 2683 1157 2747 les

344 2780 488 2862 ordiner,
504 2783 550 2848 les
567 2807 697 2874 bruges,
714 2787 782 2853 acsi
797 2785 988 2852 scriberetur
1002 2785 1048 2849 lez
1059 2807 1158 2866 omer,

346 2881 393 2946 lez
424 2906 530 2965 nance,
571 2885 619 2950 Icz
651 2892 769 2976 eagina,
799 2886 846 2952 lez
879 2889 1076 2964 instrumcns,
1110 2885 1158 2950 lez

347 2983 491 3065 ordurcc,
512 2985 558 3050 lez
581 3010 709 3076 conger.
753 2987 850 3070 Quod
865 2988 894 3053 si
908 2987 992 3052 inter
1006 2987 1085 3052 duas
1100 3009 1159 3052 vo·

346 3085 432 3150 cales
455 3087 573 3173 duplex
596 3090 715 3176 scripta
737 3089 955 3176 comperiatur,
979 3097 1056 3153 tnnc
1069 3088 1158 3174 prior

345 3187 473 3272 quidem
505 3189 656 3274 quiescit,
690 3191 848 3277 posterior
883 3198 986 3255 autem
1015 3189 1157 3275 perfecto

342 3288 515 3375 nativoque
550 3314 608 3357 suo
649 3293 743 3358 sibilo
775 3292 950 3379 profertur,
989 3300 1024 3355 ut
1057 3293 1156 3375 curri,

344 3385 475 3486 buissel,
511 3389 633 3472 lairscr,
673 3394 815 3475 clausae,
855 3394 992 3471 chancer,
1032 3391 1158 3471 decano,

343 3487 510 3574 dessoubs,
528 3491 659 3580 glisscr,
679 3499 815 3580 grossir,
835 3499 951 3560 toassin
973 3503 1005 3560 ct
1028 3493 1157 3560 similia.
