2650 4270
318 451 359 514 74
559 447 598 501 De
616 447 698 500 literis
717 448 922 517 quiescentibus.

317 611 354 666 ut
389 599 515 664 cdricer
553 599 765 682 (deliberare),
804 598 894 664 udaie
931 597 1129 682 (sententia).

316 701 452 768 Finiens
462 709 569 766 numm
580 699 750 766 dictionem
761 700 907 787 quiescit,
920 719 1130 787 quaecunque

317 823 501 870 consonans
516 809 680 888 sequatur,
697 802 745 868 sio
760 809 834 868 unte
849 798 877 882 d,
894 811 930 866 nt
944 799 1054 888 quand
1067 797 1131 864 bon

319 914 420 991 tempe
443 901 582 984 uicadrn,
610 910 642 968 et
664 912 738 969 ante
765 927 791 984 c,
819 912 855 968 ut
876 901 985 988 quoad
1005 899 1073 965 cela
1095 921 1133 964 ce
1212 899 1214 904 ’

317 1005 404 1087 fera,
421 1011 453 1070 et
469 1004 580 1088 antef,
595 1012 630 1068 ut
643 1003 879 1090 qrrcndfaudrc
894 1004 923 1068 lc
938 1001 1064 1083 monde,
1082 1000 1131 1066 sic

318 1105 549 1192 pronuntiatis,
577 1105 645 1170 acsi
668 1107 823 1193 scriptum
846 1116 933 1173 esset
961 1125 1046 1190 quon
1069 1101 1132 1165 bon
1156 1155 1159 1164 .

319 1217 427 1292 iemps,
466 1229 550 1293 quun
583 1204 660 1287 cela,
694 1230 779 1292 quen
803 1206 945 1289 sundro,
978 1203 1064 1292 quod
1096 1205 1133 1268 in

318 1307 455 1374 caeteris
483 1308 732 1373 consonantibus
753 1309 831 1374 sine
853 1307 1041 1393 exceptione
1064 1327 1133 1370 ser·

317 1418 421 1474 ratur.

667 1561 722 1636 De
749 1563 786 1637 F.

384 1711 534 1778 Diximus
554 1721 655 1793 antea,
677 1712 761 1778 hanc
776 1714 900 1778 literam
915 1713 1000 1800 apud
1017 1710 1134 1778 Gallos

320 1815 407 1880 idem
427 1813 535 1878 valere
557 1822 652 1900 atque
679 1833 704 1894 φ
726 1813 925 1881 Graecorum
946 1823 979 1880 et
999 1811 1048 1898 ph
1069 1811 1134 1876 La·

320 1916 472 1981 tinorum.
514 1911 593 1978 Ideo
615 1914 649 1977 in
675 1913 810 1982 Gallicis
832 1915 1026 1982 dictionibus
1049 1934 1132 1999 quae

322 2015 474 2082 desinunt
498 2014 627 2100 proprie
653 2017 688 2079 in
710 2017 867 2102 digamma
887 2017 1071 2096 Aeolicum,
1098 2013 1132 2078 id

323 2130 374 2184 est
399 2139 416 2179 υ
441 2125 684 2198 consonantem,
714 2118 863 2185 scribitur
883 2117 963 2184 haec
983 2117 1077 2182 litere
1098 2124 1135 2180 ut

321 2217 573 2305 pronuntianda,
595 2226 631 2282 ut
644 2217 717 2302 dces
728 2218 876 2303 (brevis),
892 2219 972 2307 gres
982 2217 1132 2304 (gravis),

323 2318 382 2402 nes
394 2316 530 2401 (nans).
553 2316 619 2385 Sed
638 2320 673 2384 in
692 2320 877 2387 faemininis
899 2342 981 2406 quae
1003 2321 1043 2385 ab
1067 2318 1132 2383 illis

321 2419 511 2486 masculinis
551 2419 718 2486 adiectivis
745 2421 928 2499 formantur,
956 2420 1134 2486 restituitur

325 2521 499 2606 digamma,
528 2528 563 2583 ut
591 2517 690 2599 breue,
708 2545 822 2608 greum
852 2523 900 2588 sic
928 2523 1024 2589 etiam
1047 2545 1066 2586 a
1088 2519 1139 2604 vif

324 2620 450 2707 (muns)
473 2619 639 2686 deducitur
658 2622 866 2690 foemininum
881 2626 949 2689 uiae
970 2633 1002 2689 ct
1023 2646 1042 2688 a
1064 2622 1140 2707 ncif

324 2718 486 2806 (neurus)
506 2720 660 2786 formatur
679 2723 887 2790 foemininum
908 2730 1007 2790 unice,
1044 2723 1134 2791 Usus

324 2830 431 2888 autem
458 2820 607 2904 obtinuit,
641 2834 675 2888 nt
700 2826 735 2891 in
762 2826 952 2911 quibusdam
979 2824 1135 2892 eiusmodi

324 2924 492 2992 vocabulis
512 2923 541 3008 f
564 2934 707 2990 servetur
729 2948 800 2992 cum
825 2927 898 3013 ipso
926 2927 1132 3012 digammate3

325 3027 471 3094 scribunt
481 3025 567 3091 enim
581 3025 677 3112 vulgo
692 3050 757 3092 non
771 3028 866 3113 pauci
881 3025 995 3109 brejire,
1006 3025 1134 3113 gresue,

324 3152 368 3196 ne
389 3126 542 3194 videlicet
562 3126 623 3192 hae
644 3151 741 3196 voces
762 3151 821 3216 per
841 3125 1075 3215 diphthongum
1096 3147 1134 3188 eu

324 3226 588 3318 pronuntientur,
620 3250 734 3315 nempe
759 3245 885 3318 grec-e,
909 3228 1025 3292 brec-e.
1069 3225 1136 3295 Sed

326 3339 455 3403 omnino
478 3326 597 3394 vitiosa
617 3337 668 3396 est
688 3330 768 3396 haec
790 3331 960 3418 scriptura,
984 3328 1036 3394 cui
1057 3327 1135 3394 vitio

326 3441 506 3508 moderetur
546 3434 712 3498 restitutus
751 3441 844 3498 vetus
883 3430 938 3496 ille
972 3429 1137 3496 character
