2650 4270
498 466 565 524 Aa.
599 465 662 526 tc.
946 469 985 538 13

173 643 231 694 nes
254 619 408 706 quasdam
429 627 626 704 expungant,
654 628 688 686 ut
712 642 808 706 quum
832 617 985 684 delectem

174 721 283 793 dicum
302 721 405 792 tribus
428 720 561 806 syllabis
583 743 641 807 pro
656 721 829 797 Jerusalem
850 728 985 807 quatuor

174 823 376 908 syllabarum.

535 973 622 1052 Ee.

235 1129 350 1200 Altera
371 1127 452 1195 haee
472 1127 596 1194 voculis
616 1127 781 1213 proprium
802 1136 834 1194 et
854 1130 984 1201 unicum

172 1253 283 1296 verum
318 1229 438 1302 hahere
474 1251 588 1301 sonum
620 1229 730 1295 debuit
761 1250 855 1314 quem
887 1230 986 1299 efficit

172 1331 301 1417 linguae
312 1352 421 1400 mucro
435 1329 582 1397 dentibus
597 1329 798 1396 mediocriter
811 1329 984 1414 hiantibus,

171 1454 284 1506 rocem
306 1429 504 1504 articulatam
524 1431 640 1517 plectri
657 1430 729 1501 viee
748 1431 927 1515 moderans,
950 1442 986 1501 ut

171 1533 272 1607 inhis
287 1533 423 1602 vocibus
437 1532 562 1600 Latinis
577 1532 726 1618 legere,
742 1533 894 1615 vivere,
917 1535 984 1600 do·

172 1657 265 1703 cere
279 1634 408 1723 proprie
424 1642 525 1701 sonat.
541 1633 659 1700 Franci
673 1635 868 1720 grammatici
879 1636 984 1702 erudi·

170 1737 270 1806 tiores
282 1757 298 1802 c
308 1737 455 1808 clausum
466 1743 593 1817 vocant,
610 1735 664 1802 alii
679 1757 695 1800 c
708 1735 909 1821 productum,
925 1737 984 1808 sed

170 1859 349 1924 perperam.
380 1835 469 1904 Nam.
484 1835 645 1908 interdum
667 1855 793 1923 quoque
815 1837 985 1924 corripitur

170 1939 254 2008 utin
268 1937 446 2025 penultima
470 1936 619 2004 dictionis
641 1937 735 2002 altere
757 1937 982 2025 (siticulosus),

172 2061 254 2126 quae
281 2038 381 2112 dictio
410 2045 460 2104 est
480 2037 653 2124 dactylica,
676 2039 761 2104 etin
782 2040 854 2106 aliis
875 2064 983 2131 quam-

170 2141 327 2228 plurimis.
364 2141 458 2210 Alter
470 2148 576 2212 tamen
592 2139 661 2206 eius
677 2162 775 2209 sonus
797 2149 847 2208 est
865 2143 894 2210 is
909 2167 984 2230 pro·

170 2243 241 2328 pris
268 2242 322 2328 qui
348 2250 398 2309 est
424 2241 613 2327 diphthongi
640 2263 676 2305 cc
697 2264 776 2311 sono
805 2267 845 2311 ex
872 2268 892 2309 a
915 2254 984 2312 ete

170 2350 360 2428 temperato,
385 2342 541 2428 quomodo
563 2365 641 2408 usus
661 2343 797 2410 obtinuit
818 2353 853 2410 ιιι
867 2345 982 2414 Latine

171 2467 298 2530 quoque
330 2442 565 2528 pronuntietur,
603 2445 714 2512 nescio
749 2455 856 2512 tamen
889 2471 983 2534 quam

170 2553 268 2627 recte,
290 2545 417 2630 quoties
444 2544 525 2610 haec
548 2545 670 2612 vocalis
693 2569 763 2614 cum
786 2549 871 2615 luel
890 2574 909 2614 r
930 2553 983 2618 vel

171 2665 188 2707 r
216 2644 270 2708 rel
296 2656 309 2708 t
330 2647 494 2729 cohaeret,
523 2654 559 2712 ιιι
580 2646 615 2711 in
639 2648 741 2733 prima
768 2651 893 2736 syllaba
915 2652 981 2719 dic-

169 2743 292 2810 tionum
315 2767 480 2831 runaut,
503 2769 590 2831 rat,
613 2770 706 2832 mun,
729 2772 869 2834 ruant,
894 2775 979 2838 rna,

170 2866 342 2932 cunnus,
372 2871 507 2933 rurus,
537 2857 596 2916 etc.
625 2851 764 2938 itemque
791 2863 864 2920 ante
892 2868 922 2920 ct
948 2867 983 2924 ut

169 2969 344 3034 Tecrum,
369 2959 484 3038 etym
506 2958 726 3036 atriensi,
751 2976 843 3040 quem
866 2979 981 3022 sonum

167 3049 285 3122 Franci
301 3073 316 3116 e
331 3061 475 3140 apertum
490 3062 617 3136 vocant,
641 3064 673 3120 ct
693 3055 807 3122 eodem
829 3079 908 3124 sono
932 3068 979 3124 at-

169 3173 231 3237 que
249 3151 481 3239 diphthongum
493 3157 527 3218 oi
542 3155 735 3240 exprimunt,
749 3165 784 3222 ut
795 3169 879 3240 estre,
883 3159 978 3242 fecte,

168 3263 260 3335 terre,
284 3255 348 3338 ello,
373 3257 506 3342 perinde
528 3277 567 3322 ac
590 3257 620 3322 si
642 3257 794 3343 scriptum
809 3258 858 3340 sit,
877 3261 980 3342 othere,

158 3353 267 3438 facite,
288 3359 404 3441 tcirre,
433 3359 522 3440 cille,
554 3363 590 3426 ut
614 3357 763 3428 scribitur
785 3367 817 3425 et
837 3383 978 3446 pronun·

165 3453 262 3528 tiatur
280 3459 419 3543 maistre,
432 3461 544 3544 fatale,
569 3461 639 3524 eise.
