2650 4270
466 465 584 536 Ragnlae
602 465 747 535 generales.
989 467 1009 531 9

198 619 300 685 literis
323 617 459 700 exculti,
479 616 595 704 partim
617 615 721 682 adhuc
737 615 874 684 Senatus
888 616 1011 682 Parisi-

200 721 287 787 errsis
310 719 465 787 subsellia
480 725 614 799 sonant,
647 718 793 803 quamvis
819 740 857 784 eo
883 735 1010 805 quoque

199 821 352 908 paulatim
378 828 486 908 serpat
506 819 563 885 illa
583 819 720 886 vitiosae
740 817 1010 906 pronuntiationis

200 922 363 1009 contagio:
386 943 488 1008 usque
511 922 590 988 adeo
611 921 692 987 nihil
714 929 763 986 est
784 921 818 987 in
838 922 934 988 rebus
951 919 1010 986 hn-

198 1023 302 1089 manis
335 1023 422 1110 quod
447 1046 513 1089 non
540 1022 583 1088 sit
608 1022 774 1088 mutationi
812 1044 850 1090 aa
879 1022 1009 1087 tandem

197 1123 351 1208 interitui,
372 1123 566 1190 necessitate
588 1122 724 1209 quadam
739 1122 928 1206 inevitabili,
951 1124 1010 1190 ob-

199 1225 341 1290 noxium.
388 1224 445 1291 Me
469 1245 561 1306 vero,
594 1225 751 1310 quomodo
778 1248 858 1311 pure
886 1233 917 1291 et
946 1225 1012 1291 ele·

199 1335 312 1411 gauter
337 1326 505 1412 loquentes
526 1326 664 1392 maiores
687 1327 726 1391 ab
747 1325 878 1390 ineunte
898 1325 1011 1393 iuven·

198 1435 267 1492 tote
290 1425 400 1492 andivi
422 1437 454 1494 et
475 1437 595 1494 attente
616 1427 800 1509 observavi,
828 1425 889 1492 hac
916 1427 1011 1493 etiam

198 1527 233 1592 in
254 1551 289 1594 re
310 1528 428 1594 iuverit
451 1551 553 1594 meam
580 1528 615 1592 in
635 1527 778 1593 Francos
799 1547 887 1592 meos
908 1526 1011 1612 pieta-

198 1636 264 1694 tem
285 1628 387 1696 firisse
400 1651 459 1715 pro
473 1631 596 1697 viribus
617 1637 776 1696 testatum.
811 1627 892 1692 Rem
913 1627 1011 1712 igitur

198 1729 303 1816 ipsam
326 1729 556 1816 aggrediamur.

201 2016 362 2116 Regulae
393 2018 572 2116 quaedam
600 2017 787 2116 generales
812 2014 1010 2090 Francicae

334 2135 530 2210 discendae
555 2133 873 2235 pronuntiationis.

262 2335 405 2401 Primum
427 2335 524 2422 igitur
546 2335 674 2421 cognito
696 2357 773 2401 vero
799 2334 1009 2420 pronuntian-

199 2437 309 2502 darum
329 2437 491 2503 literarum
513 2458 602 2518 sono,
622 2437 765 2523 reliquae
780 2436 890 2501 literae
907 2435 1009 2522 scrip·

197 2547 249 2604 tae
278 2537 405 2624 quidem
438 2561 476 2604 ac
509 2538 637 2603 minime
668 2537 891 2624 proferendae,
928 2558 1008 2623 quas

199 2639 400 2724 quiescentes
423 2660 519 2722 voco,
546 2648 693 2706 accurate
715 2648 790 2705 sunt
810 2658 1008 2722 cognoscen-

198 2738 267 2820 dae,
292 2748 323 2804 et
344 2763 364 2804 a
384 2740 629 2826 pronuntiandis
651 2740 897 2826 dignoscendae.
939 2739 1008 2804 Dc-

197 2839 273 2904 inde
300 2863 366 2905 non
390 2843 484 2907 modo
506 2864 601 2907 verus
629 2841 824 2927 singularum
845 2840 1007 2906 literarum

197 2941 353 3008 tenendus
377 2951 427 3009 est
448 2965 556 3025 sonus,
580 2942 638 3008 sed
659 2942 756 3007 etiam
777 2942 949 3006 curandum
964 2963 1007 3006 ne

199 3063 262 3126 qna
282 3043 394 3127 putide
417 3054 448 3109 et
470 3043 589 3109 duriter
610 3052 710 3124 sonet,
732 3043 828 3108 immo
844 3051 880 3106 ut
895 3061 1005 3108 omnes

196 3143 338 3209 molliter·
355 3155 388 3210 et
410 3146 502 3232 quasi
520 3145 720 3230 negligenter
735 3143 916 3224 efferantur,
940 3163 1006 3206 om·

126 3231 130 3238 ’
196 3267 269 3309 nem
290 3246 559 3332 pronuntiationis
582 3245 786 3332 asperitatem
807 3242 1005 3329 usqueadeo

196 3345 371 3430 refugiente
386 3348 543 3414 Francica
563 3349 681 3432 lingua,
704 3356 744 3411 ut·
754 3345 896 3430 exceptis
913 3367 956 3423 cc,
970 3352 1007 3409 nt

198 3467 287 3510 ncces
301 3447 495 3532 (accessus),
513 3471 582 3527 mm,
595 3458 630 3514 ut
641 3469 759 3510 somme
773 3443 935 3529 (summa),
953 3467 1004 3523 nn,
