2650 4270
327 497 369 562 68
570 495 609 551 os
627 497 713 552 uae·
730 498 935 579 pulsaturum.
1037 475 1042 486 “

326 671 360 732 u,
389 670 439 731 ru,
466 668 569 732 reatu,
601 673 650 734 uu,
678 650 795 718 vitiose
824 658 924 720 totam
948 652 984 718 in
1011 649 1062 717 his
1092 650 1143 716 di·

326 748 524 838 phthongum
546 749 750 819 efferentibus
771 752 914 820 Aureliis
937 760 969 819 et
991 749 1144 820 (iarnuti-

326 851 388 918 bns
415 859 510 938 atque
533 851 613 920 adeo
634 852 837 921 Normannis.

679 1004 785 1081 Del.

392 1155 563 1243 lquiescit
583 1165 656 1223 ante
680 1156 799 1244 duplex
820 1156 840 1240 l,
864 1159 949 1244 quod
970 1160 1065 1227 molle
1086 1182 1145 1225 vo-

331 1258 489 1339 cavimus,
511 1257 723 1344 praecedente
740 1258 793 1325 uel
809 1281 838 1340 a,
860 1267 896 1323 ut
910 1260 1001 1325 cailla
1024 1261 1145 1343 (cotuu-

142 1383 143 1388 ’
213 1441 215 1446 Ι
327 1359 414 1441 nix),
434 1359 488 1424 uel
506 1381 532 1440 e,
554 1367 591 1424 ut
606 1358 712 1424 oreille
727 1359 854 1443 (auris),
877 1361 931 1426 uel
945 1359 1145 1447 diphthongo

329 1483 378 1542 eu,
398 1459 553 1544 ntseuille
567 1459 703 1544 (folium)
720 1498 761 1508 -
777 1461 825 1527 sic
841 1461 927 1526 enim
941 1461 1147 1528 scribendam

331 1563 467 1630 arbitror
490 1562 575 1628 hanc
600 1584 712 1628 uocem
740 1570 773 1629 et
801 1562 881 1630 alias
909 1561 1045 1643 similes,
1077 1583 1147 1628 non

329 1672 366 1730 ut
385 1663 482 1750 vulgo
499 1663 612 1746 solent,
620 1661 746 1748 fiteille,
768 1663 881 1728 vueille
893 1699 947 1746 -,
959 1662 1013 1729 vel
1035 1685 1085 1744 ou,
1110 1670 1148 1728 ut

330 1765 482 1830 mouiller.
532 1763 607 1829 Non
639 1762 781 1849 quiescit
812 1773 919 1831 autem
951 1763 1046 1830 etiam
1070 1770 1146 1830 ante

231 1869 242 1890 '
332 1867 452 1954 duplex
473 1865 497 1930 u
518 1863 625 1946 molle,
648 1865 777 1950 quando
803 1866 874 1932 linit
899 1867 1148 1954 praecedentem

334 1966 505 2053 syllabam,
544 1974 581 2030 ut
614 1963 692 2046 title,
721 1965 801 2052 fille,
826 1966 968 2051 sumille,
1007 1965 1148 2046 clanille,

325 2065 516 2154 pittacum
539 2065 700 2134 derivatis.
770 2135 772 2140 ,

676 2220 734 2294 De
759 2219 799 2296 O.

395 2362 489 2437 Haec
502 2370 625 2437 vocalis
637 2368 775 2456 quiescit
788 2370 824 2436 in
839 2369 1036 2457 diphthongo
1048 2391 1099 2452 uo,
1111 2377 1150 2434 nt

328 2495 421 2560 paon
436 2470 563 2559 (pavo),
571 2473 657 2550 saon
678 2469 826 2556 (foetus).
858 2470 920 2538 Est
940 2471 1027 2537 enim
1040 2469 1148 2538 Gallia

333 2574 579 2641 molestissimus
612 2569 788 2639 concursus
819 2571 979 2638 vocalium
1012 2595 1030 2636 o
1058 2579 1090 2638 et
1116 2594 1148 2654 a,

338 2675 433 2741 etiam
463 2683 553 2742 extra
579 2675 812 2763 diphthongum
848 2680 880 2740 et
900 2673 1089 2760 interposito
1116 2695 1149 2756 n,

334 2783 371 2841 ut
400 2799 441 2841 on
463 2799 483 2838 a
505 2774 558 2859 dit,
594 2777 679 2864 quod
700 2775 954 2864 pronuntiamus,
977 2776 1071 2862 quasi
1092 2775 1150 2841 da-

335 2876 488 2964 ghessato
520 2901 541 2940 n
568 2877 789 2944 Hebraeorum
820 2899 907 2942 more
929 2877 1085 2944 scribatur
1107 2898 1151 2940 on

334 3003 378 3044 ua
395 2977 449 3044 dil.
482 2977 731 3046 Biturieensium
746 2987 832 3046 certe
846 2999 916 3045 mos
931 2978 967 3043 in
984 2977 1045 3046 hoc
1068 2999 1150 3044 sono

244 3072 245 3078 ἵ
337 3079 497 3147 efferendo
528 3103 587 3167 per
619 3081 757 3168 simplex
781 3104 801 3144 n
830 3078 1077 3146 molestissimus
1099 3086 1152 3144 est

334 3183 530 3250 Francorum
560 3204 640 3267 pure
668 3181 867 3268 loquentium
895 3180 1035 3248 auribus.
1064 3177 1153 3249 ,Sed

335 3293 369 3350 et
397 3306 495 3370 quum
520 3282 684 3368 praeeedit
709 3305 730 3346 a
755 3283 870 3349 finiens
901 3281 1086 3362 dictionem,
1121 3280 1152 3346 si

337 3407 477 3471 sequens
503 3382 600 3449 dictio
622 3382 757 3470 incipiat
777 3385 817 3450 ab
841 3406 872 3466 o,
894 3379 1106 3469 interponitur
1127 3389 1150 3463 t,

338 3485 486 3572 quamvis
502 3508 567 3552 non
589 3472 754 3551 scribathr.
789 3481 942 3552 Scribant
962 3482 1049 3550 enim
1061 3479 1153 3550 Galli
