2650 4270
332 479 353 543 4
602 541 607 548 ,
653 475 832 532 Praelatio.

331 653 402 696 rum
422 631 602 718 linguarum
627 631 757 718 peritia,
787 633 856 699 sive
878 633 1037 698 variarum
1062 641 1147 698 terra

331 732 474 820 marique
496 734 638 820 gentium
658 735 774 801 notitia
795 733 1014 800 conferendos.
1051 731 1147 814 Quod

331 834 360 898 si
386 834 537 900 reducem
562 835 597 900 in
621 836 755 923 patriam
780 845 845 902 tarn
870 835 1010 922 preciosi
1036 835 1146 901 sundi-

329 956 393 1020 que
419 937 584 1004 convectis
610 938 770 1005 mercibus
797 937 989 1023 locupletem
1015 957 1145 1002 cernere

328 1037 383 1102 vel
409 1037 457 1102 illi
483 1060 648 1124 nunquam
675 1037 753 1104 satis
780 1038 908 1104 laudato
934 1037 1004 1102 viro
1030 1035 1145 1103 illustri

330 1146 386 1202 tuo
406 1139 541 1224 parenti,
563 1140 702 1208 Domino
715 1139 738 1208 J
740 1137 857 1208 chunni
870 1159 1039 1224 procerum
1058 1135 1145 1210 Mur·

332 1238 499 1307 chionatns
514 1239 679 1308 Moraviae
700 1240 884 1328 praecipuo,
906 1237 960 1310 vel
977 1238 1064 1312 omni
1080 1239 1145 1310 vit·

329 1348 398 1405 tute
412 1341 511 1407 multo
533 1342 629 1407 etiam
649 1342 752 1428 magis
774 1365 871 1429 quarn
887 1340 1015 1426 generis
1028 1339 1144 1412 nobili·

329 1448 395 1506 tate
416 1451 529 1528 patruo
546 1443 658 1510 itidem
673 1451 728 1510 tuo
742 1443 785 1512 D.
800 1442 823 1514 J
824 1441 942 1512 chunni
957 1441 1143 1527 conspicere

328 1542 490 1624 licuisset,
516 1543 607 1610 Deus
629 1545 728 1626 bone,
751 1553 869 1632 quauta
889 1543 938 1608 illi
958 1550 991 1608 te
1010 1541 1141 1623 laetitia,

328 1652 397 1711 tota
416 1643 498 1731 ipsis
521 1642 760 1730 congratulante
781 1645 894 1732 patria,
921 1642 1144 1730 excepissent?

327 1745 376 1811 At
403 1745 477 1815 illos
506 1745 597 1814 Deus
623 1745 700 1833 Opt.
725 1745 813 1815 Max.
840 1747 875 1812 in
901 1745 1031 1815 meliore
1057 1767 1144 1818 nuuc

329 1845 436 1931 quista
458 1845 636 1917 collocavit.
680 1847 790 1918 Patria
810 1871 886 1915 voro
913 1855 960 1929 te,
988 1855 1039 1917 sat
1065 1848 1142 1930 scic⁹

328 1954 362 2014 et
387 1946 421 2014 in
448 1969 487 2014 ea
511 1948 640 2034 quidem
664 1948 819 2036 imprimis
843 1948 978 2017 illustris
999 1948 1053 2018 ille
1074 1948 1143 2017 Dc·

328 2046 451 2130 minus,
482 2047 640 2116 Dominus
665 2049 867 2133 fridericus,
901 2050 982 2119 alter
1011 2071 1051 2120 ex
1076 2049 1142 2122 tais

328 2149 455 2218 duobus
475 2151 598 2236 patruis
616 2151 719 2222 adhuc
732 2175 791 2238 par
803 2151 868 2222 Dei
882 2151 1016 2238 gratiam
1032 2173 1143 2236 supcr-

328 2259 413 2331 stes,
439 2252 528 2318 velut
553 2251 685 2322 intentis
711 2253 746 2321 in
772 2262 805 2323 tc
831 2253 948 2335 oculis,
980 2261 1140 2339 expectat:

326 2351 407 2419 illud
432 2352 582 2418 nimnum
608 2376 755 2439 sperans
786 2354 821 2423 in
848 2377 910 2440 quc
939 2377 1029 2441 spem
1055 2355 1141 2426 illius

327 2452 469 2534 (favente
482 2453 569 2537 Deo)
584 2477 650 2520 non
663 2456 756 2522 modo
772 2456 956 2536 sustinebis
973 2456 1142 2528 sedetiam

325 2552 421 2637 longe
450 2553 578 2640 lateque
607 2557 790 2642 superabis:
823 2556 891 2624 fore
923 2557 1071 2628 nimirum
1096 2565 1140 2639 ut,

324 2662 456 2739 peracta
480 2656 609 2723 tandem
634 2680 737 2744 nsque
766 2659 846 2726 adeo
875 2659 1024 2727 diuturna
1049 2679 1140 2746 porc-

325 2754 514 2839 grinatione,
536 2761 671 2844 maJ'oros
692 2760 766 2826 illos
780 2769 862 2842 tuos,
886 2759 1055 2847 splendida
1068 2757 1139 2827 Mo·

323 2855 433 2922 uariae
455 2866 487 2924 ct
507 2859 683 2925 vicinarum
703 2861 869 2946 regionum
890 2863 1021 2944 lumina,
1046 2884 1139 2949 prce·

325 2957 434 3026 sertim
462 2961 548 3044 quod
575 2961 615 3026 ad
636 2962 787 3048 pictatem
815 2973 1022 3049 caeterasque
1044 2985 1138 3031 veras

323 3058 458 3126 virtutes
487 3060 613 3143 attinet,
641 3062 803 3130 redivivos
830 3064 865 3128 in
890 3073 923 3130 te
946 3064 1136 3150 conspiciat:

323 3168 356 3226 et
376 3161 498 3248 reipsa,
526 3185 642 3248 magno
665 3185 737 3228 cnm
758 3174 942 3234 ornamento
966 3175 998 3232 et
1020 3165 1137 3234 emolu·

321 3271 429 3329 mento
458 3287 525 3345 suo,
549 3263 641 3332 donis
662 3265 697 3329 in
721 3274 753 3331 tc
778 3266 933 3352 singulari
954 3267 1018 3332 Dei
1040 3267 1137 3335 bene·

321 3363 395 3430 ficio
419 3365 543 3432 collatis
565 3365 734 3451 aliquando
756 3367 944 3453 perfruatur.
988 3367 1032 3438 Et
1058 3367 1137 3436 haec

321 3465 450 3548 quidam
463 3466 554 3534 Deus
570 3465 645 3553 Opt.
660 3465 747 3536 Max.
763 3468 884 3538 utinam
900 3477 970 3538 ratu
992 3478 1025 3536 et
1044 3471 1137 3542 nna
1206 3533 1216 3556 ,
