2650 4270
526 474 564 529 De
583 475 616 542 Y,
635 493 661 544 r·
958 478 1000 543 43

191 635 294 708 untur,
306 649 420 714 nempe
427 627 552 712 pini-ie,
568 630 652 704 ‹ui-ie,
662 630 795 714 poi-ier,
802 630 1000 713 poi-iement,

192 729 288 808 iai-ie,
328 731 465 804 iai-icus,
507 732 644 810 moi-ica,
684 728 801 808 lei-iul,
850 731 1000 810 lei-inuia,

191 831 309 913 roi-iol,
332 834 549 896 mosiaci-iem.
578 831 635 898 Sic
655 832 792 896 maiores
814 833 915 896 nostri
934 834 1001 919 pri·

191 954 260 998 mas
275 955 429 1019 personas
450 933 629 1019 singulares
642 932 805 1018 praeteriti
825 933 1002 1018 imperfecti

190 1040 258 1098 tum
268 1034 435 1100 indicativi
449 1037 544 1116 modi,
555 1045 590 1100 ut
604 1038 765 1114 oi-moi-ie‚
776 1045 843 1100 tum
857 1034 998 1121 optandi,

191 1144 228 1200 ut
249 1139 460 1219 ai·me-roi-ie,
483 1139 704 1220 enuntiabant,
728 1138 813 1223 quod
835 1135 1002 1221 usurpavit

192 1237 289 1302 etiam
307 1237 452 1305 Marotus
466 1237 597 1304 Psalmo
609 1241 659 1307 23.
674 1261 790 1325 nempe
804 1238 1003 1302 vien-droi-ie

192 1348 225 1404 et
242 1340 458 1403 craia-droi-ie
475 1341 652 1428 trisyllaba,
674 1364 733 1426 pro
748 1340 864 1425 quibus
878 1349 1001 1425 postea,

189 1464 270 1508 usus
310 1423 472 1523 obtinuit,¹
498 1452 556 1524 ut,·
585 1444 700 1508 extrita
732 1441 928 1527 diphthongo
963 1444 1002 1523 ie,

195 1543 374 1610 scribamus
386 1543 701 1624 etcfferamusaimoi‚
711 1540 1005 1625 aimeroi‚niendroi‚

192 1646 364 1728 oraindroi,
390 1668 488 1732 saepe
510 1647 603 1712 etiam
625 1647 733 1713 addito
753 1669 781 1728 s,
805 1667 886 1730 quae
899 1653 1006 1708 tamen

192 1757 225 1813 ct
240 1747 379 1833 propria,
396 1746 591 1814 Graecorum
605 1771 702 1830 more,
720 1748 878 1813 secundae
894 1767 1006 1832 perso·

191 1873 255 1914 nae
278 1849 449 1934 singularis
468 1858 552 1932 nota,
576 1873 690 1936 nempe
709 1852 830 1924 aimoin
852 1849 1007 1927 aimonis,

194 1947 366 2031 υῐεηιῖνοίι,
388 1951 571 2014 oroindrois.
608 1951 663 2020 Sic
685 1952 770 2017 enim
790 1952 886 2016 etiam
899 1948 1007 2014 Maro-

193 2061 248 2117 tus
270 2051 305 2115 in
327 2052 464 2136 quadam
484 2051 632 2138 Epistola
659 2075 753 2117 usum
778 2053 885 2138 potius
913 2073 1008 2137 quam

192 2152 352 2219 rationem
375 2152 536 2238 sequutus,

240 2253 268 2319 0
290 2253 380 2317 noble
399 2255 475 2339 Roy
496 2256 661 2338 Francoia

240 2354 410 2419 Pordonne
436 2359 508 2437 moi,
535 2380 590 2420 cor
616 2359 743 2423 ailleurs
773 2360 801 2419 ie
822 2356 965 2442 pensois.

263 2455 329 2524 Sed
351 2466 383 2522 et
403 2457 502 2522 iidem
520 2459 622 2523 nostri
643 2459 778 2524 maiores
802 2456 938 2524 eandem
959 2477 1010 2519 ra

197 2559 321 2624 tionem
337 2557 413 2622 olim
428 2559 642 2643 sequebantur
662 2558 697 2622 in
716 2559 818 2624 tertiis
833 2556 1011 2642 pluralibus

197 2658 348 2746 personis
367 2681 426 2744 per
447 2681 465 2722 e
485 2667 607 2723 tantum
621 2659 828 2726 foemininum
847 2659 882 2722 in
902 2657 1012 2722 ultima

200 2760 328 2846 syllaba
350 2759 532 2841 efferendis,
565 2769 643 2847 puta
681 2762 869 2839 αι’-ηιοί-εηί,
902 2761 1011 2822 cti-me·

199 2864 326 2940 roi-ent,
353 2883 435 2946 quae
460 2862 676 2947 pronuntiatio
705 2861 874 2947 dupliciter
900 2868 1013 2945 postea

201 2963 361 3048 corrumpi
383 2962 498 3048 coepit.
541 2960 680 3042 Quidam
707 2963 792 3027 enim
821 2969 980 3045 expuncto
1004 2959 1016 3018 i

200 3063 410 3149 pronuntiant
452 3067 589 3127 uirnoent
624 3073 657 3128 et
688 3065 857 3127 aimeroenl
902 3081 960 3144 per
997 3081 1015 3121 c

201 3165 361 3246 clausum,
385 3166 469 3231 sicut
490 3165 642 3231 Pictones
665 3162 767 3229 adhuc
788 3162 882 3228 hodie
903 3159 1040 3224 tertias·

202 3287 359 3350 personas
388 3268 527 3355 plurales
551 3268 674 3346 aimoni,
703 3261 805 3326 disent
819 3263 867 3327 sic
883 3259 1017 3325 efferunt

202 3375 240 3428 ut
257 3367 427 3457 participia
447 3371 574 3448 aimant,
596 3364 711 3430 disant.
748 3361 860 3447 Aliqui
874 3382 960 3440 vero,
981 3366 1017 3422 ut

204 3461 393 3538 Tholosates
416 3480 448 3537 et
469 3472 525 3538 alii
546 3466 690 3555 plerique
712 3461 876 3548 Aquitani,
901 3459 1016 3524 extrito
