2650 4270
403 477 432 530 Z.
467 477 506 530 De
525 473 702 545 diphthongis.
738 471 778 524 At.
955 475 996 538 45

190 632 309 714 effecit,
340 641 373 695 ut
401 629 547 695 similiter
577 630 733 695 scribatur
765 626 874 706 douae,
901 635 994 706 treze,

188 742 348 818 quaterue,
366 735 487 817 quinae,
505 754 587 809 seze,
609 716 692 795 siout
713 732 809 797 etiam
829 726 995 793 scribimus

189 835 299 898 ozeille
320 834 459 916 (oxalis).
505 832 679 900 Commode
700 857 777 899 vero
792 832 870 898 mihi
891 832 997 901 facere

188 936 336 1002 videntur
358 935 414 1020 qui
427 956 582 1020 personas
599 935 756 1000 secundas
771 935 910 1020 plurales
925 959 996 1002 ver-

187 1037 310 1119 borum,
333 1047 369 1102 ut
390 1060 410 1101 a
429 1035 605 1122 pluralibus
627 1036 723 1101 rectis
744 1037 907 1102 nominum
923 1039 996 1104 sub·

190 1139 399 1205 stantivorum
422 1137 666 1222 distinguantur,
688 1137 750 1202 huc
770 1136 862 1202 litera
882 1139 997 1203 finiunt

188 1238 224 1302 in
250 1239 431 1306 eclausum
453 1239 646 1320 desinentes,
669 1247 705 1302 ut
726 1241 833 1320 oimez,
856 1242 997 1306 aimerez.
1041 1237 1043 1242 ’

314 1543 372 1618 De
401 1545 651 1645 Diphthongis
678 1545 870 1618 Francicis.

250 1745 418 1812 Hactenus
449 1747 488 1810 de
519 1745 712 1832 simplicium
738 1746 900 1811 literarum
925 1767 999 1832 pro-

188 1848 387 1914 nuntiatione
414 1847 633 1913 disseruimus.
677 1847 772 1913 Nunc
798 1848 838 1912 de
865 1848 999 1932 syllabis

188 1972 271 2036 quae
287 1972 327 2014 ex
342 1950 465 2014 duabus
479 1949 644 2015 vocalibus
657 1948 911 2016 coalescentibus
924 1972 1000 2015 con·

188 2052 347 2132 ficiuntur,
371 2051 522 2131 dicemus,
546 2073 626 2136 quas
650 2050 873 2136 diphthongos,
895 2051 928 2115 id
952 2059 1002 2116 est

187 2152 416 2237 geminisonas‚
440 2151 611 2238 appellant.
656 2150 739 2218 Sunt
760 2160 866 2216 autem
889 2174 945 2216 eac
966 2153 1002 2218 in

190 2253 312 2338 duplici
334 2253 521 2318 differentia.
558 2254 642 2319 Nam
662 2253 698 2317 in
717 2253 790 2316 unis
811 2263 924 2318 neutra
944 2277 1000 2319 vo·

189 2355 269 2420 calis
297 2355 437 2436 auditur,
467 2355 524 2419 sed
549 2355 662 2420 tertius
688 2353 817 2439 quidem
831 2377 937 2419 ¹sonus
960 2376 1002 2420 ex

188 2463 324 2541 utraque
346 2457 516 2537 conflatus3
539 2456 573 2520 in
596 2457 667 2521 aliis
683 2477 758 2520 vero
773 2463 905 2541 utraque
926 2478 1001 2541 pro·

189 2555 297 2636 fertur,
321 2558 428 2623 sedin
441 2559 569 2624 unicam
591 2557 748 2644 syllabam
764 2557 882 2624 coiens.
920 2557 1002 2625 Sunt

189 2666 297 2723 autem
310 2681 428 2730 novem
441 2683 583 2742 numeru,
603 2682 718 2745 nempe
746 2662 786 2735 αι’,
810 2682 863 2742 uu,
885 2682 940 2740 oo;
963 2661 1002 2742 ei,

190 2779 245 2839 eu,
269 2761 310 2842 oi,
335 2783 392 2841 ou3
415 2783 465 2843 ue,
486 2763 526 2824 ui.

568 2915 627 2989 Αἱ.

253 3060 350 3130 Hanc
373 3065 605 3152 diphthongum
625 3068 763 3133 maiores
784 3070 895 3150 nostri,
918 3078 1003 3133 utet

190 3158 309 3230 Graeci
331 3189 451 3251 omnes,
475 3169 590 3255 quibus
612 3169 701 3234 nulla
722 3178 772 3235 est
786 3168 1001 3255 diphthongus

190 3283 232 3326 ex
254 3285 273 3325 a
301 3272 333 3330 et
361 3291 378 3331 e
405 3271 591 3352 constituta,
621 3280 654 3336 et
677 3280 802 3338 veteres
823 3269 932 3334 Latini
954 3271 1003 3336 sic

172 3362 365 3448 ¹efferebant
390 3377 425 3433 ut
451 3393 472 3432 a
499 3380 531 3438 et
558 3374 585 3453 i,
609 3372 726 3459 raptim
751 3379 859 3437 tamen
885 3380 917 3436 et
937 3393 1002 3438 uno

190 3465 281 3532 vocis
313 3478 416 3537 tractu
446 3473 619 3559 prolatam,
653 3473 811 3560 quomodo
842 3472 1002 3540 efferimus
